<?xml version="1.0" encoding="UTF-8"?>
<!DOCTYPE html PUBLIC "-//W3C//DTD XHTML 1.0 Transitional//EN"
    "http://www.w3.org/TR/xhtml1/DTD/xhtml1-transitional.dtd">
<html xmlns="http://www.w3.org/1999/xhtml" xml:lang="en" lang="en">
 <head>
  <title>
</title>
<meta http-equiv="Content-Type" content="text/html;charset=utf-8" />
  <meta name='ocr-system' content='tesseract 3.04.00' />
  <meta name='ocr-capabilities' content='ocr_page ocr_carea ocr_par ocr_line ocrx_word'/>
</head>
<body>
  <div class='ocr_page' id='page_1' title='image "./lelibercensuumde05fabruoft_0094.png"; bbox 0 0 2465 3582; ppageno 0'>
   <div class='ocr_carea' id='block_1_1' title="bbox 190 359 1737 398">
    <p class='ocr_par' dir='ltr' id='par_1_1' title="bbox 190 359 1737 398">
     <span class='ocr_line' id='line_1_1' title="bbox 190 359 1737 398; baseline -0.005 0"><span class='ocrx_word' id='word_1_1' title='bbox 190 372 224 398; x_wconf 47' lang='lat' dir='ltr'>a]</span> <span class='ocrx_word' id='word_1_2' title='bbox 740 368 786 396; x_wconf 83' lang='lat' dir='ltr'>LE</span> <span class='ocrx_word' id='word_1_3' title='bbox 812 367 954 396; x_wconf 71' lang='lat' dir='ltr'>LIBER</span> <span class='ocrx_word' id='word_1_4' title='bbox 980 364 1212 395; x_wconf 61' lang='lat' dir='ltr'>CENSUUM</span> <span class='ocrx_word' id='word_1_5' title='bbox 1238 364 1291 392; x_wconf 79' lang='lat' dir='ltr'>DE</span> <span class='ocrx_word' id='word_1_6' title='bbox 1317 359 1503 392; x_wconf 73' lang='lat' dir='ltr'>L’EGLISE</span> <span class='ocrx_word' id='word_1_7' title='bbox 1529 363 1737 392; x_wconf 68' lang='lat' dir='ltr'>ROMAINE.</span> 
     </span>
    </p>
   </div>
   <div class='ocr_carea' id='block_1_2' title="bbox 225 430 1207 2551">
    <p class='ocr_par' dir='ltr' id='par_1_2' title="bbox 225 430 1194 516">
     <span class='ocr_line' id='line_1_2' title="bbox 225 430 1194 460; baseline -0.006 0"><span class='ocrx_word' id='word_1_8' title='bbox 225 435 333 460; x_wconf 75' lang='lat' dir='ltr'>ordinis</span> <span class='ocrx_word' id='word_1_9' title='bbox 356 434 445 459; x_wconf 89' lang='lat' dir='ltr'>saneti</span> <span class='ocrx_word' id='word_1_10' title='bbox 472 433 619 458; x_wconf 79' lang='lat' dir='ltr'>Benedicti</span> <span class='ocrx_word' id='word_1_11' title='bbox 646 432 854 458; x_wconf 81' lang='lat' dir='ltr'>Lichseldensis</span> <span class='ocrx_word' id='word_1_12' title='bbox 875 431 999 457; x_wconf 78' lang='lat' dir='ltr'>diocesis</span> <span class='ocrx_word' id='word_1_13' title='bbox 1024 430 1144 456; x_wconf 84' lang='lat' dir='ltr'>salutem</span> <span class='ocrx_word' id='word_1_14' title='bbox 1167 432 1194 454; x_wconf 89' lang='lat' dir='ltr'>et</span> 
     </span>
     <span class='ocr_line' id='line_1_3' title="bbox 226 481 669 516; baseline -0.002 -9"><span class='ocrx_word' id='word_1_15' title='bbox 226 482 410 516; x_wconf 78' lang='lat' dir='ltr'>apostolicam</span> <span class='ocrx_word' id='word_1_16' title='bbox 429 481 669 507; x_wconf 72' lang='lat' dir='ltr'><strong>benedictionem.</strong></span> 
     </span>
    </p>

    <p class='ocr_par' dir='ltr' id='par_1_3' title="bbox 225 526 1207 2551">
     <span class='ocr_line' id='line_1_4' title="bbox 263 526 1193 563; baseline -0.008 -6"><span class='ocrx_word' id='word_1_17' title='bbox 263 532 339 557; x_wconf 78' lang='lat' dir='ltr'>Licet</span> <span class='ocrx_word' id='word_1_18' title='bbox 354 532 476 556; x_wconf 87' lang='lat' dir='ltr'>ecclesie</span> <span class='ocrx_word' id='word_1_19' title='bbox 493 539 525 555; x_wconf 86' lang='lat' dir='ltr'>ac</span> <span class='ocrx_word' id='word_1_20' title='bbox 545 530 718 555; x_wconf 83' lang='lat' dir='ltr'>monasteria</span> <span class='ocrx_word' id='word_1_21' title='bbox 734 529 828 555; x_wconf 87' lang='lat' dir='ltr'>omnia</span> <span class='ocrx_word' id='word_1_22' title='bbox 846 538 895 563; x_wconf 86' lang='lat' dir='ltr'>per</span> <span class='ocrx_word' id='word_1_23' title='bbox 913 529 1078 554; x_wconf 81' lang='lat' dir='ltr'>universum</span> <span class='ocrx_word' id='word_1_24' title='bbox 1097 526 1193 552; x_wconf 88' lang='lat' dir='ltr'>orbem</span> 
     </span>
     <span class='ocr_line' id='line_1_5' title="bbox 227 575 1194 613; baseline -0.006 -8"><span class='ocrx_word' id='word_1_25' title='bbox 227 581 287 605; x_wconf 88' lang='lat' dir='ltr'>sedi</span> <span class='ocrx_word' id='word_1_26' title='bbox 314 579 470 613; x_wconf 78' lang='lat' dir='ltr'>apostolice</span> <span class='ocrx_word' id='word_1_27' title='bbox 490 586 545 611; x_wconf 90' lang='lat' dir='ltr'>que</span> <span class='ocrx_word' id='word_1_28' title='bbox 571 586 659 611; x_wconf 85' lang='lat' dir='ltr'>super</span> <span class='ocrx_word' id='word_1_29' title='bbox 686 578 729 603; x_wconf 88' lang='lat' dir='ltr'>illa</span> <span class='ocrx_word' id='word_1_30' title='bbox 753 578 861 602; x_wconf 90' lang='lat' dir='ltr'>obtinet</span> <span class='ocrx_word' id='word_1_31' title='bbox 883 576 1071 611; x_wconf 86' lang='lat' dir='ltr'>principatum</span> <span class='ocrx_word' id='word_1_32' title='bbox 1098 575 1194 608; x_wconf 87' lang='lat' dir='ltr'>dispo-</span> 
     </span>
     <span class='ocr_line' id='line_1_6' title="bbox 228 625 1195 662; baseline -0.006 -6"><span class='ocrx_word' id='word_1_33' title='bbox 228 635 310 656; x_wconf 78' lang='lat' dir='ltr'>nente</span> <span class='ocrx_word' id='word_1_34' title='bbox 330 630 451 655; x_wconf 82' lang='lat' dir='ltr'>Domino</span> <span class='ocrx_word' id='word_1_35' title='bbox 469 630 526 654; x_wconf 90' lang='lat' dir='ltr'>sint</span> <span class='ocrx_word' id='word_1_36' title='bbox 543 629 688 662; x_wconf 74' lang='lat' dir='ltr'>subjecta,</span> <span class='ocrx_word' id='word_1_37' title='bbox 713 628 798 654; x_wconf 88' lang='lat' dir='ltr'>sedes</span> <span class='ocrx_word' id='word_1_38' title='bbox 814 631 907 653; x_wconf 81' lang='lat' dir='ltr'>tamen</span> <span class='ocrx_word' id='word_1_39' title='bbox 925 627 1022 652; x_wconf 76' lang='lat' dir='ltr'>eadem</span> <span class='ocrx_word' id='word_1_40' title='bbox 1044 625 1195 659; x_wconf 83' lang='lat' dir='ltr'>aliquando</span> 
     </span>
     <span class='ocr_line' id='line_1_7' title="bbox 228 676 1196 711; baseline -0.006 -6"><span class='ocrx_word' id='word_1_41' title='bbox 228 679 361 705; x_wconf 81' lang='lat' dir='ltr'>nonnulla</span> <span class='ocrx_word' id='word_1_42' title='bbox 378 687 410 703; x_wconf 84' lang='lat' dir='ltr'>ex</span> <span class='ocrx_word' id='word_1_43' title='bbox 429 678 500 711; x_wconf 79' lang='lat' dir='ltr'>ipsis</span> <span class='ocrx_word' id='word_1_44' title='bbox 511 677 643 703; x_wconf 82' lang='lat' dir='ltr'>ecclesiis</span> <span class='ocrx_word' id='word_1_45' title='bbox 655 680 681 702; x_wconf 89' lang='lat' dir='ltr'>et</span> <span class='ocrx_word' id='word_1_46' title='bbox 695 676 876 702; x_wconf 76' lang='lat' dir='ltr'>[nonasteriis</span> <span class='ocrx_word' id='word_1_47' title='bbox 887 684 1044 709; x_wconf 85' lang='lat' dir='ltr'>eorumque</span> <span class='ocrx_word' id='word_1_48' title='bbox 1058 682 1196 708; x_wconf 76' lang='lat' dir='ltr'><strong>personas</strong></span> 
     </span>
     <span class='ocr_line' id='line_1_8' title="bbox 226 723 1194 760; baseline -0.005 -7"><span class='ocrx_word' id='word_1_49' title='bbox 226 728 388 760; x_wconf 79' lang='lat' dir='ltr'>specialiter</span> <span class='ocrx_word' id='word_1_50' title='bbox 412 727 466 752; x_wconf 88' lang='lat' dir='ltr'>sibi</span> <span class='ocrx_word' id='word_1_51' title='bbox 491 725 599 756; x_wconf 71' lang='lat' dir='ltr'>subdit,</span> <span class='ocrx_word' id='word_1_52' title='bbox 619 734 651 751; x_wconf 84' lang='lat' dir='ltr'>ea</span> <span class='ocrx_word' id='word_1_53' title='bbox 677 725 719 751; x_wconf 90' lang='lat' dir='ltr'>sic</span> <span class='ocrx_word' id='word_1_54' title='bbox 740 726 773 750; x_wconf 88' lang='lat' dir='ltr'>ab</span> <span class='ocrx_word' id='word_1_55' title='bbox 798 725 1005 750; x_wconf 71' lang='lat' dir='ltr'>ordinariorum</span> <span class='ocrx_word' id='word_1_56' title='bbox 1027 727 1055 749; x_wconf 85' lang='lat' dir='ltr'>et</span> <span class='ocrx_word' id='word_1_57' title='bbox 1075 723 1194 749; x_wconf 86' lang='lat' dir='ltr'>aliorum</span> 
     </span>
     <span class='ocr_line' id='line_1_9' title="bbox 225 772 1196 809; baseline -0.004 -9"><span class='ocrx_word' id='word_1_58' title='bbox 225 776 416 809; x_wconf 80' lang='lat' dir='ltr'>quorumlilwt</span> <span class='ocrx_word' id='word_1_59' title='bbox 442 775 572 800; x_wconf 77' lang='lat' dir='ltr'>eximens</span> <span class='ocrx_word' id='word_1_60' title='bbox 600 778 739 808; x_wconf 70' lang='lat' dir='ltr'>potestate</span> <span class='ocrx_word' id='word_1_61' title='bbox 760 782 792 799; x_wconf 89' lang='lat' dir='ltr'>ac</span> <span class='ocrx_word' id='word_1_62' title='bbox 816 777 948 799; x_wconf 82' lang='lat' dir='ltr'>statuens</span> <span class='ocrx_word' id='word_1_63' title='bbox 973 773 1033 807; x_wconf 86' lang='lat' dir='ltr'>ipsa</span> <span class='ocrx_word' id='word_1_64' title='bbox 1060 772 1119 797; x_wconf 82' lang='lat' dir='ltr'>sore</span> <span class='ocrx_word' id='word_1_65' title='bbox 1143 772 1196 796; x_wconf 87' lang='lat' dir='ltr'>ho—</span> 
     </span>
     <span class='ocr_line' id='line_1_10' title="bbox 228 820 1197 858; baseline -0.004 -9"><span class='ocrx_word' id='word_1_66' title='bbox 228 824 304 849; x_wconf 82' lang='lat' dir='ltr'>noris</span> <span class='ocrx_word' id='word_1_67' title='bbox 322 824 500 857; x_wconf 74' lang='lat' dir='ltr'>prerogativa</span> <span class='ocrx_word' id='word_1_68' title='bbox 517 822 605 848; x_wconf 78' lang='lat' dir='ltr'>libera</span> <span class='ocrx_word' id='word_1_69' title='bbox 620 826 648 848; x_wconf 83' lang='lat' dir='ltr'>et</span> <span class='ocrx_word' id='word_1_70' title='bbox 659 826 791 855; x_wconf 86' lang='lat' dir='ltr'>exempta</span> <span class='ocrx_word' id='word_1_71' title='bbox 808 826 838 847; x_wconf 86' lang='lat' dir='ltr'>ut</span> <span class='ocrx_word' id='word_1_72' title='bbox 855 822 961 847; x_wconf 85' lang='lat' dir='ltr'>nullum</span> <span class='ocrx_word' id='word_1_73' title='bbox 981 825 1074 855; x_wconf 88' lang='lat' dir='ltr'>preter</span> <span class='ocrx_word' id='word_1_74' title='bbox 1090 820 1197 858; x_wconf 68' lang='lat' dir='ltr'>Roma-</span> 
     </span>
     <span class='ocr_line' id='line_1_11' title="bbox 228 867 1196 904; baseline -0.003 -8"><span class='ocrx_word' id='word_1_75' title='bbox 228 880 293 897; x_wconf 86' lang='lat' dir='ltr'>num</span> <span class='ocrx_word' id='word_1_76' title='bbox 314 871 477 904; x_wconf 81' lang='lat' dir='ltr'>pontificem</span> <span class='ocrx_word' id='word_1_77' title='bbox 492 871 670 904; x_wconf 80' lang='lat' dir='ltr'>superiorem</span> <span class='ocrx_word' id='word_1_78' title='bbox 688 875 714 896; x_wconf 87' lang='lat' dir='ltr'>et</span> <span class='ocrx_word' id='word_1_79' title='bbox 730 870 875 895; x_wconf 88' lang='lat' dir='ltr'>dominum</span> <span class='ocrx_word' id='word_1_80' title='bbox 890 872 1106 903; x_wconf 74' lang='lat' dir='ltr'>recognoscant.</span> <span class='ocrx_word' id='word_1_81' title='bbox 1122 867 1196 894; x_wconf 88' lang='lat' dir='ltr'>Hinc.</span> 
     </span>
     <span class='ocr_line' id='line_1_12' title="bbox 228 916 1197 953; baseline -0.003 -8"><span class='ocrx_word' id='word_1_82' title='bbox 228 925 271 945; x_wconf 89' lang='lat' dir='ltr'>est</span> <span class='ocrx_word' id='word_1_83' title='bbox 287 919 362 953; x_wconf 80' lang='lat' dir='ltr'>quod</span> <span class='ocrx_word' id='word_1_84' title='bbox 382 927 433 945; x_wconf 88' lang='lat' dir='ltr'>uos</span> <span class='ocrx_word' id='word_1_85' title='bbox 451 919 482 944; x_wconf 83' lang='lat' dir='ltr'>ad</span> <span class='ocrx_word' id='word_1_86' title='bbox 502 927 551 944; x_wconf 72' lang='lat' dir='ltr'>ros</span> <span class='ocrx_word' id='word_1_87' title='bbox 565 924 593 944; x_wconf 92' lang='lat' dir='ltr'>et</span> <span class='ocrx_word' id='word_1_88' title='bbox 611 918 815 944; x_wconf 88' lang='lat' dir='ltr'>monasterium</span> <span class='ocrx_word' id='word_1_89' title='bbox 835 922 961 943; x_wconf 91' lang='lat' dir='ltr'>vestrum</span> <span class='ocrx_word' id='word_1_90' title='bbox 980 918 1005 943; x_wconf 94' lang='lat' dir='ltr'>iu</span> <span class='ocrx_word' id='word_1_91' title='bbox 1024 926 1079 951; x_wconf 86' lang='lat' dir='ltr'>quo</span> <span class='ocrx_word' id='word_1_92' title='bbox 1092 916 1197 942; x_wconf 90' lang='lat' dir='ltr'>divinis</span> 
     </span>
     <span class='ocr_line' id='line_1_13' title="bbox 227 966 1198 1002; baseline -0.003 -8"><span class='ocrx_word' id='word_1_93' title='bbox 227 969 374 1002; x_wconf 70' lang='lat' dir='ltr'>obsequiis</span> <span class='ocrx_word' id='word_1_94' title='bbox 402 969 554 1001; x_wconf 88' lang='lat' dir='ltr'>mancipati</span> <span class='ocrx_word' id='word_1_95' title='bbox 571 968 687 993; x_wconf 86' lang='lat' dir='ltr'>assidue</span> <span class='ocrx_word' id='word_1_96' title='bbox 705 968 841 993; x_wconf 79' lang='lat' dir='ltr'>virtutum</span> <span class='ocrx_word' id='word_1_97' title='bbox 864 967 988 992; x_wconf 89' lang='lat' dir='ltr'>Domino</span> <span class='ocrx_word' id='word_1_98' title='bbox 1011 966 1145 992; x_wconf 85' lang='lat' dir='ltr'>devotum</span> <span class='ocrx_word' id='word_1_99' title='bbox 1170 970 1198 992; x_wconf 89' lang='lat' dir='ltr'>et</span> 
     </span>
     <span class='ocr_line' id='line_1_14' title="bbox 229 1015 1198 1050; baseline -0.002 -8"><span class='ocrx_word' id='word_1_100' title='bbox 229 1017 359 1043; x_wconf 86' lang='lat' dir='ltr'>sedulum</span> <span class='ocrx_word' id='word_1_101' title='bbox 382 1016 571 1050; x_wconf 80' lang='lat' dir='ltr'>impe[n]ditis</span> <span class='ocrx_word' id='word_1_102' title='bbox 592 1017 758 1041; x_wconf 79' lang='lat' dir='ltr'>famulatum</span> <span class='ocrx_word' id='word_1_103' title='bbox 776 1016 932 1049; x_wconf 91' lang='lat' dir='ltr'>apostolice</span> <span class='ocrx_word' id='word_1_104' title='bbox 953 1015 1198 1041; x_wconf 86' lang='lat' dir='ltr'>consideracionis</span> 
     </span>
     <span class='ocr_line' id='line_1_15' title="bbox 228 1064 1197 1099; baseline -0.003 -7"><span class='ocrx_word' id='word_1_105' title='bbox 228 1067 362 1092; x_wconf 83' lang='lat' dir='ltr'>intuitum</span> <span class='ocrx_word' id='word_1_106' title='bbox 376 1069 587 1096; x_wconf 75' lang='lat' dir='ltr'>convertentes,</span> <span class='ocrx_word' id='word_1_107' title='bbox 601 1074 710 1099; x_wconf 78' lang='lat' dir='ltr'>vosque</span> <span class='ocrx_word' id='word_1_108' title='bbox 726 1070 753 1091; x_wconf 86' lang='lat' dir='ltr'>et</span> <span class='ocrx_word' id='word_1_109' title='bbox 772 1065 864 1099; x_wconf 86' lang='lat' dir='ltr'>ipsum</span> <span class='ocrx_word' id='word_1_110' title='bbox 879 1066 1084 1090; x_wconf 86' lang='lat' dir='ltr'>monasterium</span> <span class='ocrx_word' id='word_1_111' title='bbox 1103 1064 1197 1089; x_wconf 87' lang='lat' dir='ltr'>volen-</span> 
     </span>
     <span class='ocr_line' id='line_1_16' title="bbox 229 1113 1199 1149; baseline -0.003 -8"><span class='ocrx_word' id='word_1_112' title='bbox 229 1120 272 1141; x_wconf 88' lang='lat' dir='ltr'>tes</span> <span class='ocrx_word' id='word_1_113' title='bbox 296 1119 444 1149; x_wconf 86' lang='lat' dir='ltr'>propterea</span> <span class='ocrx_word' id='word_1_114' title='bbox 465 1114 633 1149; x_wconf 82' lang='lat' dir='ltr'>apostolicis</span> <span class='ocrx_word' id='word_1_115' title='bbox 655 1114 790 1148; x_wconf 73' lang='lat' dir='ltr'>presidiis</span> <span class='ocrx_word' id='word_1_116' title='bbox 806 1113 983 1140; x_wconf 85' lang='lat' dir='ltr'>communire</span> <span class='ocrx_word' id='word_1_117' title='bbox 999 1117 1027 1139; x_wconf 94' lang='lat' dir='ltr'>et</span> <span class='ocrx_word' id='word_1_118' title='bbox 1047 1113 1199 1145; x_wconf 76' lang='lat' dir='ltr'>condignis</span> 
     </span>
     <span class='ocr_line' id='line_1_17' title="bbox 227 1162 1199 1197; baseline -0.003 -8"><span class='ocrx_word' id='word_1_119' title='bbox 227 1164 332 1197; x_wconf 70' lang='lat' dir='ltr'>graciis</span> <span class='ocrx_word' id='word_1_120' title='bbox 350 1165 498 1195; x_wconf 74' lang='lat' dir='ltr'>honorare,</span> <span class='ocrx_word' id='word_1_121' title='bbox 513 1167 542 1189; x_wconf 92' lang='lat' dir='ltr'>ut</span> <span class='ocrx_word' id='word_1_122' title='bbox 555 1172 605 1189; x_wconf 77' lang='lat' dir='ltr'>vos</span> <span class='ocrx_word' id='word_1_123' title='bbox 617 1168 643 1188; x_wconf 89' lang='lat' dir='ltr'>et</span> <span class='ocrx_word' id='word_1_124' title='bbox 655 1162 762 1196; x_wconf 79' lang='lat' dir='ltr'>singuli</span> <span class='ocrx_word' id='word_1_125' title='bbox 780 1163 911 1188; x_wconf 88' lang='lat' dir='ltr'>monacbi</span> <span class='ocrx_word' id='word_1_126' title='bbox 928 1166 955 1188; x_wconf 93' lang='lat' dir='ltr'>et</span> <span class='ocrx_word' id='word_1_127' title='bbox 971 1163 1102 1188; x_wconf 88' lang='lat' dir='ltr'>conversi</span> <span class='ocrx_word' id='word_1_128' title='bbox 1120 1163 1199 1195; x_wconf 85' lang='lat' dir='ltr'>ejus-</span> 
     </span>
     <span class='ocr_line' id='line_1_18' title="bbox 229 1211 1199 1246; baseline -0.002 -8"><span class='ocrx_word' id='word_1_129' title='bbox 229 1214 291 1238; x_wconf 91' lang='lat' dir='ltr'>dem</span> <span class='ocrx_word' id='word_1_130' title='bbox 311 1213 474 1238; x_wconf 84' lang='lat' dir='ltr'>monasterii</span> <span class='ocrx_word' id='word_1_131' title='bbox 493 1216 642 1246; x_wconf 70' lang='lat' dir='ltr'>presentes</span> <span class='ocrx_word' id='word_1_132' title='bbox 658 1216 685 1237; x_wconf 82' lang='lat' dir='ltr'>et</span> <span class='ocrx_word' id='word_1_133' title='bbox 707 1213 814 1246; x_wconf 82' lang='lat' dir='ltr'>posteri</span> <span class='ocrx_word' id='word_1_134' title='bbox 831 1221 863 1237; x_wconf 91' lang='lat' dir='ltr'>eo</span> <span class='ocrx_word' id='word_1_135' title='bbox 881 1211 1015 1237; x_wconf 89' lang='lat' dir='ltr'>libentius</span> <span class='ocrx_word' id='word_1_136' title='bbox 1031 1211 1137 1236; x_wconf 87' lang='lat' dir='ltr'>divinis</span> <span class='ocrx_word' id='word_1_137' title='bbox 1154 1211 1199 1236; x_wconf 94' lang='lat' dir='ltr'>in-</span> 
     </span>
     <span class='ocr_line' id='line_1_19' title="bbox 229 1259 1200 1294; baseline -0.003 -7"><span class='ocrx_word' id='word_1_138' title='bbox 229 1261 353 1287; x_wconf 84' lang='lat' dir='ltr'>tendatis</span> <span class='ocrx_word' id='word_1_139' title='bbox 382 1261 550 1287; x_wconf 84' lang='lat' dir='ltr'>ministeriis</span> <span class='ocrx_word' id='word_1_140' title='bbox 579 1261 742 1294; x_wconf 79' lang='lat' dir='ltr'>dictamque</span> <span class='ocrx_word' id='word_1_141' title='bbox 768 1261 864 1286; x_wconf 85' lang='lat' dir='ltr'>sedem</span> <span class='ocrx_word' id='word_1_142' title='bbox 892 1260 1009 1293; x_wconf 78' lang='lat' dir='ltr'>majoris</span> <span class='ocrx_word' id='word_1_143' title='bbox 1033 1259 1200 1285; x_wconf 87' lang='lat' dir='ltr'>devocionis</span> 
     </span>
     <span class='ocr_line' id='line_1_20' title="bbox 230 1308 1200 1344; baseline -0.002 -9"><span class='ocrx_word' id='word_1_144' title='bbox 230 1310 370 1335; x_wconf 86' lang='lat' dir='ltr'>studeatis</span> <span class='ocrx_word' id='word_1_145' title='bbox 394 1309 621 1344; x_wconf 81' lang='lat' dir='ltr'>promptitudine</span> <span class='ocrx_word' id='word_1_146' title='bbox 639 1310 762 1335; x_wconf 84' lang='lat' dir='ltr'>revereri</span> <span class='ocrx_word' id='word_1_147' title='bbox 780 1318 836 1343; x_wconf 88' lang='lat' dir='ltr'>quo</span> <span class='ocrx_word' id='word_1_148' title='bbox 860 1309 959 1342; x_wconf 80' lang='lat' dir='ltr'>maJori</span> <span class='ocrx_word' id='word_1_149' title='bbox 981 1308 1092 1334; x_wconf 78' lang='lat' dir='ltr'>fueritis</span> <span class='ocrx_word' id='word_1_150' title='bbox 1112 1308 1200 1334; x_wconf 90' lang='lat' dir='ltr'>liber-</span> 
     </span>
     <span class='ocr_line' id='line_1_21' title="bbox 231 1357 1201 1392; baseline -0.003 -8"><span class='ocrx_word' id='word_1_151' title='bbox 231 1362 287 1384; x_wconf 85' lang='lat' dir='ltr'>tate</span> <span class='ocrx_word' id='word_1_152' title='bbox 309 1358 419 1388; x_wconf 82' lang='lat' dir='ltr'>dottati,</span> <span class='ocrx_word' id='word_1_153' title='bbox 445 1359 552 1384; x_wconf 86' lang='lat' dir='ltr'>vestris</span> <span class='ocrx_word' id='word_1_154' title='bbox 576 1359 603 1383; x_wconf 89' lang='lat' dir='ltr'>in</span> <span class='ocrx_word' id='word_1_155' title='bbox 630 1358 682 1383; x_wconf 89' lang='lat' dir='ltr'>bac</span> <span class='ocrx_word' id='word_1_156' title='bbox 704 1361 781 1392; x_wconf 87' lang='lat' dir='ltr'>parte</span> <span class='ocrx_word' id='word_1_157' title='bbox 801 1358 912 1383; x_wconf 86' lang='lat' dir='ltr'>devotis</span> <span class='ocrx_word' id='word_1_158' title='bbox 935 1357 1201 1391; x_wconf 86' lang='lat' dir='ltr'>supplicacionibus</span> 
     </span>
     <span class='ocr_line' id='line_1_22' title="bbox 231 1406 1200 1440; baseline -0.001 -8"><span class='ocrx_word' id='word_1_159' title='bbox 231 1407 368 1440; x_wconf 77' lang='lat' dir='ltr'>inclinati,</span> <span class='ocrx_word' id='word_1_160' title='bbox 395 1415 445 1433; x_wconf 86' lang='lat' dir='ltr'>vos</span> <span class='ocrx_word' id='word_1_161' title='bbox 470 1411 497 1432; x_wconf 90' lang='lat' dir='ltr'>et</span> <span class='ocrx_word' id='word_1_162' title='bbox 520 1407 627 1432; x_wconf 91' lang='lat' dir='ltr'>dictum</span> <span class='ocrx_word' id='word_1_163' title='bbox 654 1407 858 1432; x_wconf 88' lang='lat' dir='ltr'>monasterium</span> <span class='ocrx_word' id='word_1_164' title='bbox 885 1407 1020 1440; x_wconf 81' lang='lat' dir='ltr'>ipsosque</span> <span class='ocrx_word' id='word_1_165' title='bbox 1046 1406 1200 1431; x_wconf 88' lang='lat' dir='ltr'>monachos</span> 
     </span>
     <span class='ocr_line' id='line_1_23' title="bbox 232 1454 1200 1488; baseline -0.002 -7"><span class='ocrx_word' id='word_1_166' title='bbox 232 1460 259 1481; x_wconf 84' lang='lat' dir='ltr'>et</span> <span class='ocrx_word' id='word_1_167' title='bbox 284 1464 443 1481; x_wconf 79' lang='lat' dir='ltr'>conversos</span> <span class='ocrx_word' id='word_1_168' title='bbox 468 1464 482 1480; x_wconf 88' lang='lat' dir='ltr'>a</span> <span class='ocrx_word' id='word_1_169' title='bbox 509 1455 713 1481; x_wconf 81' lang='lat' dir='ltr'>venerabilium</span> <span class='ocrx_word' id='word_1_170' title='bbox 739 1455 857 1480; x_wconf 78' lang='lat' dir='ltr'>fratrum</span> <span class='ocrx_word' id='word_1_171' title='bbox 886 1459 1048 1480; x_wconf 86' lang='lat' dir='ltr'>nostrorum</span> <span class='ocrx_word' id='word_1_172' title='bbox 1072 1454 1200 1488; x_wconf 80' lang='lat' dir='ltr'>episcopi</span> 
     </span>
     <span class='ocr_line' id='line_1_24' title="bbox 233 1502 1202 1537; baseline -0.001 -8"><span class='ocrx_word' id='word_1_173' title='bbox 233 1504 445 1529; x_wconf 80' lang='lat' dir='ltr'>Lichfeldensis</span> <span class='ocrx_word' id='word_1_174' title='bbox 467 1504 519 1530; x_wconf 89' lang='lat' dir='ltr'>loci</span> <span class='ocrx_word' id='word_1_175' title='bbox 539 1504 673 1529; x_wconf 88' lang='lat' dir='ltr'>ordinarii</span> <span class='ocrx_word' id='word_1_176' title='bbox 698 1512 730 1529; x_wconf 86' lang='lat' dir='ltr'>ac</span> <span class='ocrx_word' id='word_1_177' title='bbox 753 1503 962 1537; x_wconf 82' lang='lat' dir='ltr'>archiepiscopi</span> <span class='ocrx_word' id='word_1_178' title='bbox 986 1502 1202 1528; x_wconf 84' lang='lat' dir='ltr'>Cantuariensis</span> 
     </span>
     <span class='ocr_line' id='line_1_25' title="bbox 233 1550 1197 1584; baseline 0.001 -9"><span class='ocrx_word' id='word_1_179' title='bbox 233 1552 256 1584; x_wconf 84' lang='lat' dir='ltr'>ej</span> <span class='ocrx_word' id='word_1_180' title='bbox 265 1551 363 1576; x_wconf 85' lang='lat' dir='ltr'>usdem</span> <span class='ocrx_word' id='word_1_181' title='bbox 384 1551 436 1577; x_wconf 90' lang='lat' dir='ltr'>loci</span> <span class='ocrx_word' id='word_1_182' title='bbox 455 1551 664 1584; x_wconf 86' lang='lat' dir='ltr'>metropolitani</span> <span class='ocrx_word' id='word_1_183' title='bbox 681 1558 713 1576; x_wconf 86' lang='lat' dir='ltr'>ac</span> <span class='ocrx_word' id='word_1_184' title='bbox 729 1550 921 1576; x_wconf 78' lang='lat' dir='ltr'>archidiaconi</span> <span class='ocrx_word' id='word_1_185' title='bbox 938 1550 1047 1576; x_wconf 81' lang='lat' dir='ltr'>Cesti-ie</span> <span class='ocrx_word' id='word_1_186' title='bbox 1065 1551 1090 1576; x_wconf 93' lang='lat' dir='ltr'>in</span> <span class='ocrx_word' id='word_1_187' title='bbox 1109 1551 1197 1576; x_wconf 87' lang='lat' dir='ltr'>eccle-</span> 
     </span>
     <span class='ocr_line' id='line_1_26' title="bbox 232 1599 1203 1634; baseline 0 -9"><span class='ocrx_word' id='word_1_188' title='bbox 232 1601 271 1625; x_wconf 84' lang='lat' dir='ltr'>sia</span> <span class='ocrx_word' id='word_1_189' title='bbox 289 1599 478 1625; x_wconf 79' lang='lat' dir='ltr'>Lichfeldensi</span> <span class='ocrx_word' id='word_1_190' title='bbox 497 1604 524 1625; x_wconf 86' lang='lat' dir='ltr'>et</span> <span class='ocrx_word' id='word_1_191' title='bbox 538 1608 742 1626; x_wconf 83' lang='lat' dir='ltr'>successorum</span> <span class='ocrx_word' id='word_1_192' title='bbox 760 1608 879 1625; x_wconf 86' lang='lat' dir='ltr'>suorum</span> <span class='ocrx_word' id='word_1_193' title='bbox 897 1600 1099 1634; x_wconf 88' lang='lat' dir='ltr'>episcoporum</span> <span class='ocrx_word' id='word_1_194' title='bbox 1119 1599 1203 1625; x_wconf 89' lang='lat' dir='ltr'>Lich-</span> 
     </span>
     <span class='ocr_line' id='line_1_27' title="bbox 233 1648 1203 1683; baseline 0.001 -9"><span class='ocrx_word' id='word_1_195' title='bbox 233 1648 401 1674; x_wconf 83' lang='lat' dir='ltr'>l&#39;eldensium</span> <span class='ocrx_word' id='word_1_196' title='bbox 426 1657 458 1674; x_wconf 85' lang='lat' dir='ltr'>ac</span> <span class='ocrx_word' id='word_1_197' title='bbox 478 1649 764 1683; x_wconf 85' lang='lat' dir='ltr'>archiepiscoporum</span> <span class='ocrx_word' id='word_1_198' title='bbox 788 1648 1036 1675; x_wconf 86' lang='lat' dir='ltr'>Cantuariensium</span> <span class='ocrx_word' id='word_1_199' title='bbox 1059 1653 1087 1675; x_wconf 88' lang='lat' dir='ltr'>et</span> <span class='ocrx_word' id='word_1_200' title='bbox 1109 1650 1203 1675; x_wconf 85' lang='lat' dir='ltr'>archi-</span> 
     </span>
     <span class='ocr_line' id='line_1_28' title="bbox 231 1696 1203 1732; baseline 0.002 -10"><span class='ocrx_word' id='word_1_201' title='bbox 231 1697 416 1723; x_wconf 86' lang='lat' dir='ltr'>diaconorum</span> <span class='ocrx_word' id='word_1_202' title='bbox 440 1696 552 1723; x_wconf 84' lang='lat' dir='ltr'>Cesti-ie</span> <span class='ocrx_word' id='word_1_203' title='bbox 580 1697 606 1723; x_wconf 92' lang='lat' dir='ltr'>in</span> <span class='ocrx_word' id='word_1_204' title='bbox 624 1698 698 1724; x_wconf 87' lang='lat' dir='ltr'>dicta</span> <span class='ocrx_word' id='word_1_205' title='bbox 722 1697 845 1723; x_wconf 86' lang='lat' dir='ltr'>ecclesia</span> <span class='ocrx_word' id='word_1_206' title='bbox 866 1697 1058 1723; x_wconf 82' lang='lat' dir='ltr'>Lichseldensi</span> <span class='ocrx_word' id='word_1_207' title='bbox 1081 1699 1130 1732; x_wconf 92' lang='lat' dir='ltr'>qui</span> <span class='ocrx_word' id='word_1_208' title='bbox 1154 1707 1203 1732; x_wconf 87' lang='lat' dir='ltr'>pro</span> 
     </span>
     <span class='ocr_line' id='line_1_29' title="bbox 233 1745 1204 1781; baseline 0.001 -10"><span class='ocrx_word' id='word_1_209' title='bbox 233 1750 360 1780; x_wconf 86' lang='lat' dir='ltr'>tempore</span> <span class='ocrx_word' id='word_1_210' title='bbox 386 1745 490 1772; x_wconf 77' lang='lat' dir='ltr'>suerint</span> <span class='ocrx_word' id='word_1_211' title='bbox 517 1754 628 1772; x_wconf 80' lang='lat' dir='ltr'>necnon</span> <span class='ocrx_word' id='word_1_212' title='bbox 650 1746 768 1772; x_wconf 89' lang='lat' dir='ltr'>aliorum</span> <span class='ocrx_word' id='word_1_213' title='bbox 790 1746 984 1780; x_wconf 84' lang='lat' dir='ltr'>quorumlibet</span> <span class='ocrx_word' id='word_1_214' title='bbox 1008 1750 1148 1781; x_wconf 81' lang='lat' dir='ltr'>potestate</span> <span class='ocrx_word' id='word_1_215' title='bbox 1172 1755 1204 1772; x_wconf 87' lang='lat' dir='ltr'>ac</span> 
     </span>
     <span class='ocr_line' id='line_1_30' title="bbox 226 1794 1203 1829; baseline 0.001 -9"><span class='ocrx_word' id='word_1_216' title='bbox 226 1794 418 1828; x_wconf 85' lang='lat' dir='ltr'>jurisdicione</span> <span class='ocrx_word' id='word_1_217' title='bbox 452 1796 623 1820; x_wconf 79' lang='lat' dir='ltr'>auctoritate</span> <span class='ocrx_word' id='word_1_218' title='bbox 657 1795 813 1829; x_wconf 85' lang='lat' dir='ltr'>apostolica</span> <span class='ocrx_word' id='word_1_219' title='bbox 842 1803 961 1829; x_wconf 89' lang='lat' dir='ltr'>prorsus</span> <span class='ocrx_word' id='word_1_220' title='bbox 991 1796 1146 1821; x_wconf 79' lang='lat' dir='ltr'>eximimus</span> <span class='ocrx_word' id='word_1_221' title='bbox 1176 1800 1203 1822; x_wconf 87' lang='lat' dir='ltr'>et</span> 
     </span>
     <span class='ocr_line' id='line_1_31' title="bbox 233 1843 1204 1878; baseline 0.001 -9"><span class='ocrx_word' id='word_1_222' title='bbox 233 1844 358 1869; x_wconf 80' lang='lat' dir='ltr'>totaliter</span> <span class='ocrx_word' id='word_1_223' title='bbox 383 1844 554 1873; x_wconf 81' lang='lat' dir='ltr'>liberamus,</span> <span class='ocrx_word' id='word_1_224' title='bbox 581 1843 770 1869; x_wconf 83' lang='lat' dir='ltr'>decernentes</span> <span class='ocrx_word' id='word_1_225' title='bbox 793 1852 827 1869; x_wconf 89' lang='lat' dir='ltr'>ex</span> <span class='ocrx_word' id='word_1_226' title='bbox 851 1852 927 1869; x_wconf 89' lang='lat' dir='ltr'>nunc</span> <span class='ocrx_word' id='word_1_227' title='bbox 947 1844 1117 1870; x_wconf 83' lang='lat' dir='ltr'>auctoritate</span> <span class='ocrx_word' id='word_1_228' title='bbox 1140 1853 1204 1878; x_wconf 84' lang='lat' dir='ltr'>pre-</span> 
     </span>
     <span class='ocr_line' id='line_1_32' title="bbox 233 1892 1205 1925; baseline 0.001 -8"><span class='ocrx_word' id='word_1_229' title='bbox 233 1892 306 1918; x_wconf 86' lang='lat' dir='ltr'>dicta</span> <span class='ocrx_word' id='word_1_230' title='bbox 324 1900 374 1917; x_wconf 74' lang='lat' dir='ltr'>ros</span> <span class='ocrx_word' id='word_1_231' title='bbox 390 1895 417 1917; x_wconf 90' lang='lat' dir='ltr'>et</span> <span class='ocrx_word' id='word_1_232' title='bbox 434 1893 527 1925; x_wconf 89' lang='lat' dir='ltr'>ipsum</span> <span class='ocrx_word' id='word_1_233' title='bbox 547 1893 751 1918; x_wconf 83' lang='lat' dir='ltr'>monasterium</span> <span class='ocrx_word' id='word_1_234' title='bbox 770 1901 802 1918; x_wconf 84' lang='lat' dir='ltr'>ac</span> <span class='ocrx_word' id='word_1_235' title='bbox 823 1893 979 1919; x_wconf 85' lang='lat' dir='ltr'>monachos</span> <span class='ocrx_word' id='word_1_236' title='bbox 1002 1896 1030 1918; x_wconf 91' lang='lat' dir='ltr'>et</span> <span class='ocrx_word' id='word_1_237' title='bbox 1045 1901 1205 1919; x_wconf 74' lang='lat' dir='ltr'>conversos</span> 
     </span>
     <span class='ocr_line' id='line_1_33' title="bbox 235 1940 1203 1974; baseline 0.002 -9"><span class='ocrx_word' id='word_1_238' title='bbox 235 1940 378 1974; x_wconf 87' lang='lat' dir='ltr'>predictos</span> <span class='ocrx_word' id='word_1_239' title='bbox 397 1941 477 1966; x_wconf 83' lang='lat' dir='ltr'>nohis</span> <span class='ocrx_word' id='word_1_240' title='bbox 493 1945 521 1966; x_wconf 81' lang='lat' dir='ltr'>et</span> <span class='ocrx_word' id='word_1_241' title='bbox 536 1940 611 1966; x_wconf 85' lang='lat' dir='ltr'>dicte</span> <span class='ocrx_word' id='word_1_242' title='bbox 628 1940 689 1966; x_wconf 89' lang='lat' dir='ltr'>sedi</span> <span class='ocrx_word' id='word_1_243' title='bbox 706 1940 854 1967; x_wconf 84' lang='lat' dir='ltr'>dumtaxat</span> <span class='ocrx_word' id='word_1_244' title='bbox 875 1941 1039 1967; x_wconf 81' lang='lat' dir='ltr'>immediate</span> <span class='ocrx_word' id='word_1_245' title='bbox 1062 1942 1203 1971; x_wconf 72' lang='lat' dir='ltr'>subesse,</span> 
     </span>
     <span class='ocr_line' id='line_1_34' title="bbox 232 1989 1205 2024; baseline 0.003 -11"><span class='ocrx_word' id='word_1_246' title='bbox 232 1997 264 2014; x_wconf 85' lang='lat' dir='ltr'>ae</span> <span class='ocrx_word' id='word_1_247' title='bbox 289 1989 398 2014; x_wconf 88' lang='lat' dir='ltr'>irritum</span> <span class='ocrx_word' id='word_1_248' title='bbox 426 1993 454 2013; x_wconf 86' lang='lat' dir='ltr'>et</span> <span class='ocrx_word' id='word_1_249' title='bbox 477 1990 559 2014; x_wconf 82' lang='lat' dir='ltr'>inane</span> <span class='ocrx_word' id='word_1_250' title='bbox 576 1990 600 2014; x_wconf 92' lang='lat' dir='ltr'>si</span> <span class='ocrx_word' id='word_1_251' title='bbox 617 1998 702 2015; x_wconf 84' lang='lat' dir='ltr'>secus</span> <span class='ocrx_word' id='word_1_252' title='bbox 724 1998 811 2023; x_wconf 87' lang='lat' dir='ltr'>super</span> <span class='ocrx_word' id='word_1_253' title='bbox 828 1990 882 2015; x_wconf 90' lang='lat' dir='ltr'>hiis</span> <span class='ocrx_word' id='word_1_254' title='bbox 906 1999 921 2015; x_wconf 84' lang='lat' dir='ltr'>a</span> <span class='ocrx_word' id='word_1_255' title='bbox 941 1999 1085 2024; x_wconf 82' lang='lat' dir='ltr'>quoquam</span> <span class='ocrx_word' id='word_1_256' title='bbox 1103 1991 1205 2024; x_wconf 81' lang='lat' dir='ltr'>quavis</span> 
     </span>
     <span class='ocr_line' id='line_1_35' title="bbox 233 2037 1203 2072; baseline 0.002 -10"><span class='ocrx_word' id='word_1_257' title='bbox 233 2037 400 2062; x_wconf 83' lang='lat' dir='ltr'>auctoritate</span> <span class='ocrx_word' id='word_1_258' title='bbox 417 2037 543 2062; x_wconf 75' lang='lat' dir='ltr'>scienter</span> <span class='ocrx_word' id='word_1_259' title='bbox 557 2038 598 2062; x_wconf 81' lang='lat' dir='ltr'>vel</span> <span class='ocrx_word' id='word_1_260' title='bbox 612 2037 777 2070; x_wconf 82' lang='lat' dir='ltr'>ignoranter</span> <span class='ocrx_word' id='word_1_261' title='bbox 788 2039 941 2071; x_wconf 78' lang='lat' dir='ltr'>eontigerit</span> <span class='ocrx_word' id='word_1_262' title='bbox 957 2038 1131 2072; x_wconf 81' lang='lat' dir='ltr'>attemptari.</span> <span class='ocrx_word' id='word_1_263' title='bbox 1146 2039 1203 2064; x_wconf 80' lang='lat' dir='ltr'>Vo-</span> 
     </span>
     <span class='ocr_line' id='line_1_36' title="bbox 234 2086 1204 2122; baseline 0.003 -12"><span class='ocrx_word' id='word_1_264' title='bbox 234 2086 329 2111; x_wconf 88' lang='lat' dir='ltr'>lumus</span> <span class='ocrx_word' id='word_1_265' title='bbox 348 2091 443 2111; x_wconf 85' lang='lat' dir='ltr'>autem</span> <span class='ocrx_word' id='word_1_266' title='bbox 461 2086 535 2119; x_wconf 86' lang='lat' dir='ltr'>quod</span> <span class='ocrx_word' id='word_1_267' title='bbox 560 2086 657 2111; x_wconf 86' lang='lat' dir='ltr'>decem</span> <span class='ocrx_word' id='word_1_268' title='bbox 683 2095 793 2112; x_wconf 79' lang='lat' dir='ltr'>marcas</span> <span class='ocrx_word' id='word_1_269' title='bbox 815 2088 1018 2121; x_wconf 79' lang='lat' dir='ltr'>sterlingorum</span> <span class='ocrx_word' id='word_1_270' title='bbox 1041 2092 1204 2122; x_wconf 76' lang='lat' dir='ltr'>computata</span> 
     </span>
     <span class='ocr_line' id='line_1_37' title="bbox 234 2135 1206 2169; baseline 0.003 -9"><span class='ocrx_word' id='word_1_271' title='bbox 234 2143 327 2160; x_wconf 80' lang='lat' dir='ltr'>marca</span> <span class='ocrx_word' id='word_1_272' title='bbox 345 2143 393 2167; x_wconf 87' lang='lat' dir='ltr'>pro</span> <span class='ocrx_word' id='word_1_273' title='bbox 410 2136 536 2169; x_wconf 81' lang='lat' dir='ltr'>quinque</span> <span class='ocrx_word' id='word_1_274' title='bbox 559 2135 677 2161; x_wconf 83' lang='lat' dir='ltr'>florenis</span> <span class='ocrx_word' id='word_1_275' title='bbox 693 2135 754 2161; x_wconf 81' lang='lat' dir='ltr'>auri</span> <span class='ocrx_word' id='word_1_276' title='bbox 773 2136 797 2161; x_wconf 91' lang='lat' dir='ltr'>in</span> <span class='ocrx_word' id='word_1_277' title='bbox 817 2136 889 2162; x_wconf 85' lang='lat' dir='ltr'>festo</span> <span class='ocrx_word' id='word_1_278' title='bbox 912 2137 1057 2162; x_wconf 86' lang='lat' dir='ltr'>beatorum</span> <span class='ocrx_word' id='word_1_279' title='bbox 1084 2137 1159 2163; x_wconf 83' lang='lat' dir='ltr'>l&#39;etri</span> <span class='ocrx_word' id='word_1_280' title='bbox 1176 2143 1206 2163; x_wconf 88' lang='lat' dir='ltr'>ct</span> 
     </span>
     <span class='ocr_line' id='line_1_38' title="bbox 234 2184 1204 2220; baseline 0.004 -12"><span class='ocrx_word' id='word_1_281' title='bbox 234 2184 311 2209; x_wconf 83' lang='lat' dir='ltr'>Pauli</span> <span class='ocrx_word' id='word_1_282' title='bbox 328 2184 522 2217; x_wconf 89' lang='lat' dir='ltr'>apostolorum</span> <span class='ocrx_word' id='word_1_283' title='bbox 542 2184 669 2217; x_wconf 79' lang='lat' dir='ltr'>singulis</span> <span class='ocrx_word' id='word_1_284' title='bbox 687 2185 818 2210; x_wconf 89' lang='lat' dir='ltr'>trienniis</span> <span class='ocrx_word' id='word_1_285' title='bbox 841 2193 953 2211; x_wconf 88' lang='lat' dir='ltr'>camere</span> <span class='ocrx_word' id='word_1_286' title='bbox 969 2187 1125 2220; x_wconf 86' lang='lat' dir='ltr'>apostolice</span> <span class='ocrx_word' id='word_1_287' title='bbox 1147 2187 1204 2212; x_wconf 86' lang='lat' dir='ltr'>sol-</span> 
     </span>
     <span class='ocr_line' id='line_1_39' title="bbox 233 2232 1203 2269; baseline 0.005 -13"><span class='ocrx_word' id='word_1_288' title='bbox 233 2241 297 2258; x_wconf 88' lang='lat' dir='ltr'>vere</span> <span class='ocrx_word' id='word_1_289' title='bbox 315 2232 468 2257; x_wconf 81' lang='lat' dir='ltr'>teneamini</span> <span class='ocrx_word' id='word_1_290' title='bbox 489 2232 522 2257; x_wconf 88' lang='lat' dir='ltr'>ad</span> <span class='ocrx_word' id='word_1_291' title='bbox 543 2232 681 2259; x_wconf 86' lang='lat' dir='ltr'>indicium</span> <span class='ocrx_word' id='word_1_292' title='bbox 707 2237 841 2267; x_wconf 71' lang='lat' dir='ltr'>percepte</span> <span class='ocrx_word' id='word_1_293' title='bbox 857 2243 871 2259; x_wconf 88' lang='lat' dir='ltr'>a</span> <span class='ocrx_word' id='word_1_294' title='bbox 889 2234 969 2260; x_wconf 87' lang='lat' dir='ltr'>nobis</span> <span class='ocrx_word' id='word_1_295' title='bbox 988 2235 1154 2269; x_wconf 86' lang='lat' dir='ltr'>hujusmodi</span> <span class='ocrx_word' id='word_1_296' title='bbox 1173 2235 1203 2261; x_wconf 93' lang='lat' dir='ltr'>li-</span> 
     </span>
     <span class='ocr_line' id='line_1_40' title="bbox 235 2280 1203 2318; baseline 0.005 -13"><span class='ocrx_word' id='word_1_297' title='bbox 235 2281 363 2307; x_wconf 78' lang='lat' dir='ltr'>bertatis,</span> <span class='ocrx_word' id='word_1_298' title='bbox 382 2280 457 2306; x_wconf 91' lang='lat' dir='ltr'>Nulli</span> <span class='ocrx_word' id='word_1_299' title='bbox 479 2289 548 2314; x_wconf 74' lang='lat' dir='ltr'>ergo</span> <span class='ocrx_word' id='word_1_300' title='bbox 571 2283 687 2307; x_wconf 87' lang='lat' dir='ltr'>omniuo</span> <span class='ocrx_word' id='word_1_301' title='bbox 705 2282 850 2308; x_wconf 90' lang='lat' dir='ltr'>hominum</span> <span class='ocrx_word' id='word_1_302' title='bbox 873 2283 955 2309; x_wconf 81' lang='lat' dir='ltr'>liceat</span> <span class='ocrx_word' id='word_1_303' title='bbox 979 2284 1051 2309; x_wconf 82' lang='lat' dir='ltr'>hanc</span> <span class='ocrx_word' id='word_1_304' title='bbox 1073 2285 1203 2318; x_wconf 75' lang='lat' dir='ltr'>paginam</span> 
     </span>
     <span class='ocr_line' id='line_1_41' title="bbox 235 2330 1206 2363; baseline 0.004 -8"><span class='ocrx_word' id='word_1_305' title='bbox 235 2334 331 2355; x_wconf 85' lang='lat' dir='ltr'>nostre</span> <span class='ocrx_word' id='word_1_306' title='bbox 347 2330 555 2363; x_wconf 70' lang='lat' dir='ltr'>cxempcionis,</span> <span class='ocrx_word' id='word_1_307' title='bbox 573 2331 765 2359; x_wconf 76' lang='lat' dir='ltr'>libel-acionis.</span> <span class='ocrx_word' id='word_1_308' title='bbox 778 2332 998 2359; x_wconf 87' lang='lat' dir='ltr'>constitucionis</span> <span class='ocrx_word' id='word_1_309' title='bbox 1012 2338 1039 2359; x_wconf 89' lang='lat' dir='ltr'>et</span> <span class='ocrx_word' id='word_1_310' title='bbox 1052 2333 1206 2360; x_wconf 75' lang='lat' dir='ltr'>voluntatis</span> 
     </span>
     <span class='ocr_line' id='line_1_42' title="bbox 234 2379 1206 2415; baseline 0.002 -11"><span class='ocrx_word' id='word_1_311' title='bbox 234 2379 389 2409; x_wconf 63' lang='lat' dir='ltr'>infringere</span> <span class='ocrx_word' id='word_1_312' title='bbox 406 2379 445 2403; x_wconf 80' lang='lat' dir='ltr'>vel</span> <span class='ocrx_word' id='word_1_313' title='bbox 459 2380 484 2404; x_wconf 87' lang='lat' dir='ltr'>ei</span> <span class='ocrx_word' id='word_1_314' title='bbox 500 2388 572 2405; x_wconf 87' lang='lat' dir='ltr'>ausu</span> <span class='ocrx_word' id='word_1_315' title='bbox 591 2380 740 2405; x_wconf 86' lang='lat' dir='ltr'>temerario</span> <span class='ocrx_word' id='word_1_316' title='bbox 757 2382 909 2408; x_wconf 85' lang='lat' dir='ltr'>contraire.</span> <span class='ocrx_word' id='word_1_317' title='bbox 926 2382 955 2406; x_wconf 71' lang='lat' dir='ltr'>Si</span> <span class='ocrx_word' id='word_1_318' title='bbox 969 2382 1033 2415; x_wconf 85' lang='lat' dir='ltr'>quis</span> <span class='ocrx_word' id='word_1_319' title='bbox 1045 2387 1139 2408; x_wconf 90' lang='lat' dir='ltr'>autem</span> <span class='ocrx_word' id='word_1_320' title='bbox 1154 2383 1206 2408; x_wconf 75' lang='lat' dir='ltr'>hoe</span> 
     </span>
     <span class='ocr_line' id='line_1_43' title="bbox 235 2428 1207 2464; baseline 0.006 -13"><span class='ocrx_word' id='word_1_321' title='bbox 235 2430 404 2460; x_wconf 79' lang='lat' dir='ltr'>attemptare</span> <span class='ocrx_word' id='word_1_322' title='bbox 421 2428 640 2462; x_wconf 77' lang='lat' dir='ltr'>presumpserit,</span> <span class='ocrx_word' id='word_1_323' title='bbox 654 2428 879 2461; x_wconf 76' lang='lat' dir='ltr'>indignationem</span> <span class='ocrx_word' id='word_1_324' title='bbox 897 2431 1103 2464; x_wconf 84' lang='lat' dir='ltr'>omnipotentis</span> <span class='ocrx_word' id='word_1_325' title='bbox 1115 2430 1167 2457; x_wconf 85' lang='lat' dir='ltr'>Dei</span> <span class='ocrx_word' id='word_1_326' title='bbox 1179 2438 1207 2457; x_wconf 83' lang='lat' dir='ltr'>et</span> 
     </span>
     <span class='ocr_line' id='line_1_44' title="bbox 236 2474 1207 2513; baseline 0.007 -14"><span class='ocrx_word' id='word_1_327' title='bbox 236 2474 382 2500; x_wconf 87' lang='lat' dir='ltr'>beatorum</span> <span class='ocrx_word' id='word_1_328' title='bbox 402 2474 477 2501; x_wconf 82' lang='lat' dir='ltr'>Petri</span> <span class='ocrx_word' id='word_1_329' title='bbox 499 2479 527 2501; x_wconf 86' lang='lat' dir='ltr'>et</span> <span class='ocrx_word' id='word_1_330' title='bbox 554 2475 631 2501; x_wconf 79' lang='lat' dir='ltr'>Pauli</span> <span class='ocrx_word' id='word_1_331' title='bbox 652 2477 847 2510; x_wconf 82' lang='lat' dir='ltr'>apostolorum</span> <span class='ocrx_word' id='word_1_332' title='bbox 871 2479 937 2512; x_wconf 88' lang='lat' dir='ltr'>ejus</span> <span class='ocrx_word' id='word_1_333' title='bbox 958 2479 1150 2513; x_wconf 89' lang='lat' dir='ltr'>predictorum</span> <span class='ocrx_word' id='word_1_334' title='bbox 1176 2488 1207 2506; x_wconf 85' lang='lat' dir='ltr'>se</span> 
     </span>
     <span class='ocr_line' id='line_1_45' title="bbox 237 2524 557 2551; baseline 0.006 -3"><span class='ocrx_word' id='word_1_335' title='bbox 237 2525 347 2549; x_wconf 83' lang='lat' dir='ltr'>noverit</span> <span class='ocrx_word' id='word_1_336' title='bbox 361 2524 557 2551; x_wconf 89' lang='lat' dir='ltr'>incursurum.</span> 
     </span>
    </p>
   </div>
   <div class='ocr_carea' id='block_1_3' title="bbox 235 2572 1206 2654">
    <p class='ocr_par' dir='ltr' id='par_1_4' title="bbox 235 2572 1206 2654">
     <span class='ocr_line' id='line_1_46' title="bbox 270 2572 1206 2610; baseline 0.006 -13"><span class='ocrx_word' id='word_1_337' title='bbox 270 2572 374 2598; x_wconf 85' lang='lat' dir='ltr'>Datum</span> <span class='ocrx_word' id='word_1_338' title='bbox 397 2573 551 2604; x_wconf 85' lang='lat' dir='ltr'>Avinioue,</span> <span class='ocrx_word' id='word_1_339' title='bbox 577 2573 619 2599; x_wconf 84' lang='lat'>111</span> <span class='ocrx_word' id='word_1_340' title='bbox 644 2583 733 2601; x_wconf 84' lang='lat' dir='ltr'>nonas</span> <span class='ocrx_word' id='word_1_341' title='bbox 753 2576 892 2608; x_wconf 83' lang='lat' dir='ltr'>januarii,</span> <span class='ocrx_word' id='word_1_342' title='bbox 913 2577 1096 2610; x_wconf 84' lang='lat' dir='ltr'>pontificatus</span> <span class='ocrx_word' id='word_1_343' title='bbox 1119 2577 1206 2603; x_wconf 85' lang='lat' dir='ltr'>nostri</span> 
     </span>
     <span class='ocr_line' id='line_1_47' title="bbox 235 2625 438 2654; baseline 0.01 -9"><span class='ocrx_word' id='word_1_344' title='bbox 235 2629 309 2646; x_wconf 86' lang='lat' dir='ltr'>anno</span> <span class='ocrx_word' id='word_1_345' title='bbox 326 2625 438 2654; x_wconf 85' lang='lat' dir='ltr'>quarto.</span> 
     </span>
    </p>
   </div>
   <div class='ocr_carea' id='block_1_4' title="bbox 687 2685 726 2710">
    <p class='ocr_par' dir='ltr' id='par_1_5' title="bbox 687 2685 726 2710">
     <span class='ocr_line' id='line_1_48' title="bbox 687 2685 726 2710; baseline -0.026 0"><span class='ocrx_word' id='word_1_346' title='bbox 687 2685 726 2710; x_wconf 65' lang='lat' dir='ltr'>lo</span> 
     </span>
    </p>
   </div>
   <div class='ocr_carea' id='block_1_5' title="bbox 272 2770 1208 2808">
    <p class='ocr_par' dir='ltr' id='par_1_6' title="bbox 272 2770 1208 2808">
     <span class='ocr_line' id='line_1_49' title="bbox 272 2770 1208 2808; baseline 0.009 -13"><span class='ocrx_word' id='word_1_347' title='bbox 272 2770 432 2797; x_wconf 81' lang='lat' dir='ltr'>Martinus¹</span> <span class='ocrx_word' id='word_1_348' title='bbox 460 2774 616 2808; x_wconf 83' lang='lat' dir='ltr'>episcopus</span> <span class='ocrx_word' id='word_1_349' title='bbox 641 2782 745 2800; x_wconf 87' lang='lat' dir='ltr'>servus</span> <span class='ocrx_word' id='word_1_350' title='bbox 769 2784 918 2802; x_wconf 89' lang='lat' dir='ltr'>servorum</span> <span class='ocrx_word' id='word_1_351' title='bbox 946 2775 998 2802; x_wconf 86' lang='lat' dir='ltr'>Dei</span> <span class='ocrx_word' id='word_1_352' title='bbox 1024 2776 1128 2803; x_wconf 85' lang='lat' dir='ltr'>dilecto</span> <span class='ocrx_word' id='word_1_353' title='bbox 1152 2778 1208 2803; x_wconf 86' lang='lat' dir='ltr'>filio</span> 
     </span>
    </p>
   </div>
   <div class='ocr_carea' id='block_1_6' title="bbox 242 2911 1208 2951">
    <p class='ocr_par' dir='ltr' id='par_1_7' title="bbox 242 2911 1208 2951">
     <span class='ocr_line' id='line_1_50' title="bbox 242 2911 1208 2951; baseline 0.008 -15"><span class='ocrx_word' id='word_1_354' title='bbox 242 2911 262 2937; x_wconf 91' lang='lat' dir='ltr'>l.</span> <span class='ocrx_word' id='word_1_355' title='bbox 277 2911 377 2941; x_wconf 78' lang='lat' dir='ltr'>Rome,</span> <span class='ocrx_word' id='word_1_356' title='bbox 391 2912 423 2939; x_wconf 62' lang='lat'>²26</span> <span class='ocrx_word' id='word_1_357' title='bbox 441 2914 597 2939; x_wconf 79' lang='lat' dir='ltr'>novembre</span> <span class='ocrx_word' id='word_1_358' title='bbox 616 2915 693 2941; x_wconf 60' lang='lat'><strong>1424.</strong></span> <span class='ocrx_word' id='word_1_359' title='bbox 711 2931 739 2934; x_wconf 97' lang='lat'><strong>—</strong></span> <span class='ocrx_word' id='word_1_360' title='bbox 761 2915 798 2941; x_wconf 86' lang='lat' dir='ltr'>Le</span> <span class='ocrx_word' id='word_1_361' title='bbox 816 2925 886 2951; x_wconf 84' lang='lat' dir='ltr'>pape</span> <span class='ocrx_word' id='word_1_362' title='bbox 903 2916 1005 2943; x_wconf 83' lang='lat' dir='ltr'>Martin</span> <span class='ocrx_word' id='word_1_363' title='bbox 1025 2917 1046 2942; x_wconf 90' lang='lat' dir='ltr'>V</span> <span class='ocrx_word' id='word_1_364' title='bbox 1065 2917 1158 2944; x_wconf 88' lang='lat' dir='ltr'>donne</span> <span class='ocrx_word' id='word_1_365' title='bbox 1174 2927 1208 2944; x_wconf 85' lang='lat' dir='ltr'>en</span> 
     </span>
    </p>
   </div>
   <div class='ocr_carea' id='block_1_7' title="bbox 1312 427 2303 2948">
    <p class='ocr_par' dir='ltr' id='par_1_8' title="bbox 1312 427 2284 511">
     <span class='ocr_line' id='line_1_51' title="bbox 1314 427 2284 462; baseline 0 -8"><span class='ocrx_word' id='word_1_366' title='bbox 1314 429 1399 455; x_wconf 90' lang='lat' dir='ltr'>nobili</span> <span class='ocrx_word' id='word_1_367' title='bbox 1419 429 1478 454; x_wconf 83' lang='lat' dir='ltr'>viro</span> <span class='ocrx_word' id='word_1_368' title='bbox 1497 429 1623 454; x_wconf 84' lang='lat' dir='ltr'>Antonio</span> <span class='ocrx_word' id='word_1_369' title='bbox 1639 428 1673 454; x_wconf 88' lang='lat' dir='ltr'>de</span> <span class='ocrx_word' id='word_1_370' title='bbox 1688 428 1817 454; x_wconf 89' lang='lat' dir='ltr'>Colunna</span> <span class='ocrx_word' id='word_1_371' title='bbox 1831 427 1951 462; x_wconf 85' lang='lat' dir='ltr'>principi</span> <span class='ocrx_word' id='word_1_372' title='bbox 1966 427 2146 454; x_wconf 80' lang='lat' dir='ltr'>Salernitano</span> <span class='ocrx_word' id='word_1_373' title='bbox 2162 429 2284 454; x_wconf 84' lang='lat' dir='ltr'>salutem</span> 
     </span>
     <span class='ocr_line' id='line_1_52' title="bbox 1312 477 1803 511; baseline -0.002 -8"><span class='ocrx_word' id='word_1_374' title='bbox 1312 481 1340 503; x_wconf 88' lang='lat' dir='ltr'>et</span> <span class='ocrx_word' id='word_1_375' title='bbox 1356 477 1543 511; x_wconf 83' lang='lat' dir='ltr'>apostolicam</span> <span class='ocrx_word' id='word_1_376' title='bbox 1562 477 1803 502; x_wconf 86' lang='lat' dir='ltr'>benedictionem.</span> 
     </span>
    </p>

    <p class='ocr_par' dir='ltr' id='par_1_9' title="bbox 1313 524 2303 2948">
     <span class='ocr_line' id='line_1_53' title="bbox 1350 524 2286 559; baseline 0.001 -9"><span class='ocrx_word' id='word_1_377' title='bbox 1350 524 1423 550; x_wconf 89' lang='lat' dir='ltr'>Dum</span> <span class='ocrx_word' id='word_1_378' title='bbox 1445 525 1621 551; x_wconf 84' lang='lat' dir='ltr'>attendimus</span> <span class='ocrx_word' id='word_1_379' title='bbox 1649 525 1864 558; x_wconf 86' lang='lat' dir='ltr'>progenitorum</span> <span class='ocrx_word' id='word_1_380' title='bbox 1892 528 2005 550; x_wconf 86' lang='lat' dir='ltr'>tuorum</span> <span class='ocrx_word' id='word_1_381' title='bbox 2032 528 2191 559; x_wconf 85' lang='lat' dir='ltr'>promptam</span> <span class='ocrx_word' id='word_1_382' title='bbox 2215 525 2286 551; x_wconf 89' lang='lat' dir='ltr'>obe-</span> 
     </span>
     <span class='ocr_line' id='line_1_54' title="bbox 1313 572 2286 607; baseline 0 -8"><span class='ocrx_word' id='word_1_383' title='bbox 1313 573 1448 599; x_wconf 86' lang='lat' dir='ltr'>dientiam</span> <span class='ocrx_word' id='word_1_384' title='bbox 1463 576 1550 607; x_wconf 81' lang='lat' dir='ltr'>atque</span> <span class='ocrx_word' id='word_1_385' title='bbox 1561 573 1656 604; x_wconf 76' lang='lat' dir='ltr'>fidem,</span> <span class='ocrx_word' id='word_1_386' title='bbox 1669 573 1776 607; x_wconf 86' lang='lat' dir='ltr'>quibus</span> <span class='ocrx_word' id='word_1_387' title='bbox 1787 576 2002 599; x_wconf 83' lang='lat' dir='ltr'>sacrosanctam</span> <span class='ocrx_word' id='word_1_388' title='bbox 2020 572 2178 600; x_wconf 83' lang='lat' dir='ltr'>Romanam</span> <span class='ocrx_word' id='word_1_389' title='bbox 2196 574 2286 599; x_wconf 87' lang='lat' dir='ltr'>eecle-</span> 
     </span>
     <span class='ocr_line' id='line_1_55' title="bbox 1313 621 2286 656; baseline 0 -8"><span class='ocrx_word' id='word_1_390' title='bbox 1313 622 1383 648; x_wconf 82' lang='lat' dir='ltr'>siam</span> <span class='ocrx_word' id='word_1_391' title='bbox 1403 623 1547 655; x_wconf 87' lang='lat' dir='ltr'>prosecuti</span> <span class='ocrx_word' id='word_1_392' title='bbox 1559 626 1638 655; x_wconf 86' lang='lat' dir='ltr'>sunt,</span> <span class='ocrx_word' id='word_1_393' title='bbox 1652 622 1764 647; x_wconf 87' lang='lat' dir='ltr'>labores</span> <span class='ocrx_word' id='word_1_394' title='bbox 1776 621 1894 655; x_wconf 84' lang='lat' dir='ltr'>insuper</span> <span class='ocrx_word' id='word_1_395' title='bbox 1905 625 1933 647; x_wconf 86' lang='lat' dir='ltr'>et</span> <span class='ocrx_word' id='word_1_396' title='bbox 1943 629 2088 655; x_wconf 83' lang='lat' dir='ltr'>expensas</span> <span class='ocrx_word' id='word_1_397' title='bbox 2101 621 2286 656; x_wconf 87' lang='lat' dir='ltr'>multiplices,</span> 
     </span>
     <span class='ocr_line' id='line_1_56' title="bbox 1313 669 2287 705; baseline 0.001 -9"><span class='ocrx_word' id='word_1_398' title='bbox 1313 679 1386 705; x_wconf 90' lang='lat' dir='ltr'>quos</span> <span class='ocrx_word' id='word_1_399' title='bbox 1408 674 1463 696; x_wconf 90' lang='lat' dir='ltr'>tam</span> <span class='ocrx_word' id='word_1_400' title='bbox 1489 671 1638 696; x_wconf 81' lang='lat' dir='ltr'>retroactis</span> <span class='ocrx_word' id='word_1_401' title='bbox 1658 670 1706 696; x_wconf 88' lang='lat' dir='ltr'>diu</span> <span class='ocrx_word' id='word_1_402' title='bbox 1732 670 1910 704; x_wconf 87' lang='lat' dir='ltr'>temporibus</span> <span class='ocrx_word' id='word_1_403' title='bbox 1934 678 2018 704; x_wconf 85' lang='lat' dir='ltr'>quam</span> <span class='ocrx_word' id='word_1_404' title='bbox 2041 669 2068 695; x_wconf 83' lang='lat' dir='ltr'>in</span> <span class='ocrx_word' id='word_1_405' title='bbox 2091 673 2189 696; x_wconf 91' lang='lat' dir='ltr'>nostro</span> <span class='ocrx_word' id='word_1_406' title='bbox 2216 678 2287 705; x_wconf 88' lang='lat' dir='ltr'>pon-</span> 
     </span>
     <span class='ocr_line' id='line_1_57' title="bbox 1314 718 2287 753; baseline 0 -8"><span class='ocrx_word' id='word_1_407' title='bbox 1314 720 1422 745; x_wconf 84' lang='lat' dir='ltr'>tificatu</span> <span class='ocrx_word' id='word_1_408' title='bbox 1447 727 1497 753; x_wconf 82' lang='lat' dir='ltr'>pro</span> <span class='ocrx_word' id='word_1_409' title='bbox 1521 719 1726 753; x_wconf 86' lang='lat' dir='ltr'>recuperandis</span> <span class='ocrx_word' id='word_1_410' title='bbox 1749 719 1840 753; x_wconf 86' lang='lat' dir='ltr'>ipsius</span> <span class='ocrx_word' id='word_1_411' title='bbox 1857 719 1978 744; x_wconf 85' lang='lat' dir='ltr'>ecclesie</span> <span class='ocrx_word' id='word_1_412' title='bbox 1995 718 2113 752; x_wconf 86' lang='lat' dir='ltr'>juribus</span> <span class='ocrx_word' id='word_1_413' title='bbox 2135 719 2287 752; x_wconf 89' lang='lat' dir='ltr'>plurimum</span> 
     </span>
     <span class='ocr_line' id='line_1_58' title="bbox 1314 767 2289 801; baseline -0.001 -7"><span class='ocrx_word' id='word_1_414' title='bbox 1314 771 1384 794; x_wconf 79' lang='lat' dir='ltr'>tunc</span> <span class='ocrx_word' id='word_1_415' title='bbox 1404 767 1550 794; x_wconf 88' lang='lat' dir='ltr'>distractis</span> <span class='ocrx_word' id='word_1_416' title='bbox 1574 767 1775 793; x_wconf 88' lang='lat' dir='ltr'>substulerunt</span> <span class='ocrx_word' id='word_1_417' title='bbox 1799 767 1929 793; x_wconf 84' lang='lat' dir='ltr'>alacriter</span> <span class='ocrx_word' id='word_1_418' title='bbox 1954 775 1987 792; x_wconf 87' lang='lat' dir='ltr'>ac</span> <span class='ocrx_word' id='word_1_419' title='bbox 2011 767 2176 800; x_wconf 83' lang='lat' dir='ltr'>magnifiee,</span> <span class='ocrx_word' id='word_1_420' title='bbox 2206 770 2289 801; x_wconf 87' lang='lat' dir='ltr'>prout</span> 
     </span>
     <span class='ocr_line' id='line_1_59' title="bbox 1315 814 2288 842; baseline 0 -1"><span class='ocrx_word' id='word_1_421' title='bbox 1315 816 1482 842; x_wconf 86' lang='lat' dir='ltr'>novissimis</span> <span class='ocrx_word' id='word_1_422' title='bbox 1505 816 1560 841; x_wconf 92' lang='lat' dir='ltr'>hiis</span> <span class='ocrx_word' id='word_1_423' title='bbox 1582 815 1683 841; x_wconf 88' lang='lat' dir='ltr'>diebus</span> <span class='ocrx_word' id='word_1_424' title='bbox 1700 815 1773 841; x_wconf 91' lang='lat' dir='ltr'>bone</span> <span class='ocrx_word' id='word_1_425' title='bbox 1790 815 1928 841; x_wconf 88' lang='lat' dir='ltr'>memorie</span> <span class='ocrx_word' id='word_1_426' title='bbox 1943 815 2090 841; x_wconf 82' lang='lat' dir='ltr'>Jordanus</span> <span class='ocrx_word' id='word_1_427' title='bbox 2108 816 2141 840; x_wconf 80' lang='lat' dir='ltr'>‹le</span> <span class='ocrx_word' id='word_1_428' title='bbox 2158 814 2288 841; x_wconf 82' lang='lat' dir='ltr'>Colunna</span> 
     </span>
     <span class='ocr_line' id='line_1_60' title="bbox 1316 863 2287 899; baseline -0.003 -8"><span class='ocrx_word' id='word_1_429' title='bbox 1316 869 1436 899; x_wconf 87' lang='lat' dir='ltr'>patruus</span> <span class='ocrx_word' id='word_1_430' title='bbox 1460 869 1544 896; x_wconf 77' lang='lat' dir='ltr'>tuus,</span> <span class='ocrx_word' id='word_1_431' title='bbox 1568 864 1615 898; x_wconf 83' lang='lat' dir='ltr'>qui</span> <span class='ocrx_word' id='word_1_432' title='bbox 1641 864 1792 890; x_wconf 87' lang='lat' dir='ltr'>immensis</span> <span class='ocrx_word' id='word_1_433' title='bbox 1815 864 1961 889; x_wconf 83' lang='lat' dir='ltr'>laboribus</span> <span class='ocrx_word' id='word_1_434' title='bbox 1982 863 2138 897; x_wconf 82' lang='lat' dir='ltr'>arduisque</span> <span class='ocrx_word' id='word_1_435' title='bbox 2160 863 2240 889; x_wconf 85' lang='lat' dir='ltr'>curis</span> <span class='ocrx_word' id='word_1_436' title='bbox 2260 864 2287 889; x_wconf 90' lang='lat' dir='ltr'>in</span> 
     </span>
     <span class='ocr_line' id='line_1_61' title="bbox 1321 911 2289 946; baseline -0.003 -7"><span class='ocrx_word' id='word_1_437' title='bbox 1321 914 1428 939; x_wconf 85' lang='lat' dir='ltr'>nostris</span> <span class='ocrx_word' id='word_1_438' title='bbox 1456 918 1483 939; x_wconf 92' lang='lat' dir='ltr'>et</span> <span class='ocrx_word' id='word_1_439' title='bbox 1512 912 1641 939; x_wconf 87' lang='lat' dir='ltr'>Ecclesie</span> <span class='ocrx_word' id='word_1_440' title='bbox 1670 912 1830 946; x_wconf 81' lang='lat' dir='ltr'>dirigendis</span> <span class='ocrx_word' id='word_1_441' title='bbox 1856 911 1981 943; x_wconf 66' lang='lat' dir='ltr'>negotiis</span> <span class='ocrx_word' id='word_1_442' title='bbox 2007 912 2078 937; x_wconf 85' lang='lat' dir='ltr'>ultra</span> <span class='ocrx_word' id='word_1_443' title='bbox 2102 920 2186 945; x_wconf 86' lang='lat' dir='ltr'>quam</span> <span class='ocrx_word' id='word_1_444' title='bbox 2216 911 2289 937; x_wconf 84' lang='lat' dir='ltr'>ferre</span> 
     </span>
     <span class='ocr_line' id='line_1_62' title="bbox 1318 960 2290 996; baseline -0.003 -8"><span class='ocrx_word' id='word_1_445' title='bbox 1318 967 1413 996; x_wconf 89' lang='lat' dir='ltr'>posset</span> <span class='ocrx_word' id='word_1_446' title='bbox 1431 970 1563 996; x_wconf 79' lang='lat' dir='ltr'>pressus,</span> <span class='ocrx_word' id='word_1_447' title='bbox 1583 962 1659 987; x_wconf 86' lang='lat' dir='ltr'>sicut</span> <span class='ocrx_word' id='word_1_448' title='bbox 1678 961 1737 986; x_wconf 81' lang='lat' dir='ltr'>Deo</span> <span class='ocrx_word' id='word_1_449' title='bbox 1758 961 1863 995; x_wconf 87' lang='lat' dir='ltr'>placuit</span> <span class='ocrx_word' id='word_1_450' title='bbox 1884 961 1978 986; x_wconf 81' lang='lat' dir='ltr'>extitit</span> <span class='ocrx_word' id='word_1_451' title='bbox 1999 960 2055 986; x_wconf 84' lang='lat' dir='ltr'>vita</span> <span class='ocrx_word' id='word_1_452' title='bbox 2073 960 2204 990; x_wconf 75' lang='lat' dir='ltr'>structus,</span> <span class='ocrx_word' id='word_1_453' title='bbox 2223 968 2290 994; x_wconf 88' lang='lat' dir='ltr'>spe-</span> 
     </span>
     <span class='ocr_line' id='line_1_63' title="bbox 1318 1008 2288 1044; baseline -0.004 -7"><span class='ocrx_word' id='word_1_454' title='bbox 1318 1016 1413 1037; x_wconf 84' lang='lat' dir='ltr'>rantes</span> <span class='ocrx_word' id='word_1_455' title='bbox 1424 1019 1539 1044; x_wconf 87' lang='lat' dir='ltr'>quoque</span> <span class='ocrx_word' id='word_1_456' title='bbox 1552 1010 1671 1036; x_wconf 86' lang='lat' dir='ltr'>firmiter</span> <span class='ocrx_word' id='word_1_457' title='bbox 1682 1009 1756 1044; x_wconf 85' lang='lat' dir='ltr'>quod</span> <span class='ocrx_word' id='word_1_458' title='bbox 1769 1011 1847 1042; x_wconf 86' lang='lat' dir='ltr'>justa</span> <span class='ocrx_word' id='word_1_459' title='bbox 1862 1009 2044 1042; x_wconf 84' lang='lat' dir='ltr'>evangelium</span> <span class='ocrx_word' id='word_1_460' title='bbox 2059 1008 2165 1034; x_wconf 85' lang='lat' dir='ltr'>bouum</span> <span class='ocrx_word' id='word_1_461' title='bbox 2183 1009 2288 1034; x_wconf 86' lang='lat' dir='ltr'>bonum</span> 
     </span>
     <span class='ocr_line' id='line_1_64' title="bbox 1317 1056 2290 1091; baseline -0.002 -6"><span class='ocrx_word' id='word_1_462' title='bbox 1317 1061 1418 1088; x_wconf 80' lang='lat' dir='ltr'>faciat.</span> <span class='ocrx_word' id='word_1_463' title='bbox 1446 1064 1473 1085; x_wconf 93' lang='lat' dir='ltr'>et</span> <span class='ocrx_word' id='word_1_464' title='bbox 1499 1065 1525 1085; x_wconf 90' lang='lat' dir='ltr'>te</span> <span class='ocrx_word' id='word_1_465' title='bbox 1555 1068 1570 1084; x_wconf 85' lang='lat' dir='ltr'>a</span> <span class='ocrx_word' id='word_1_466' title='bbox 1600 1058 1733 1084; x_wconf 84' lang='lat' dir='ltr'>fidelitate</span> <span class='ocrx_word' id='word_1_467' title='bbox 1757 1063 1785 1083; x_wconf 89' lang='lat' dir='ltr'>et</span> <span class='ocrx_word' id='word_1_468' title='bbox 1810 1058 1948 1091; x_wconf 90' lang='lat' dir='ltr'>operibus</span> <span class='ocrx_word' id='word_1_469' title='bbox 1973 1057 2148 1091; x_wconf 88' lang='lat' dir='ltr'>supradictis</span> <span class='ocrx_word' id='word_1_470' title='bbox 2174 1056 2290 1083; x_wconf 85' lang='lat' dir='ltr'>minime</span> 
     </span>
     <span class='ocr_line' id='line_1_65' title="bbox 1317 1105 2292 1141; baseline -0.003 -7"><span class='ocrx_word' id='word_1_471' title='bbox 1317 1108 1512 1141; x_wconf 71' lang='lat' dir='ltr'>degenerare,</span> <span class='ocrx_word' id='word_1_472' title='bbox 1543 1108 1720 1141; x_wconf 89' lang='lat' dir='ltr'>quinimmo,</span> <span class='ocrx_word' id='word_1_473' title='bbox 1748 1110 1886 1139; x_wconf 86' lang='lat' dir='ltr'>quantum</span> <span class='ocrx_word' id='word_1_474' title='bbox 1911 1114 1945 1132; x_wconf 85' lang='lat' dir='ltr'>ex</span> <span class='ocrx_word' id='word_1_475' title='bbox 1972 1105 2030 1132; x_wconf 89' lang='lat' dir='ltr'>tuis</span> <span class='ocrx_word' id='word_1_476' title='bbox 2055 1105 2183 1131; x_wconf 85' lang='lat' dir='ltr'>moribus</span> <span class='ocrx_word' id='word_1_477' title='bbox 2207 1105 2292 1132; x_wconf 85' lang='lat' dir='ltr'>datur</span> 
     </span>
     <span class='ocr_line' id='line_1_66' title="bbox 1317 1154 2291 1190; baseline -0.004 -7"><span class='ocrx_word' id='word_1_478' title='bbox 1317 1157 1452 1190; x_wconf 80' lang='lat' dir='ltr'>intelligi,</span> <span class='ocrx_word' id='word_1_479' title='bbox 1475 1157 1501 1182; x_wconf 95' lang='lat' dir='ltr'>in</span> <span class='ocrx_word' id='word_1_480' title='bbox 1524 1156 1632 1182; x_wconf 87' lang='lat' dir='ltr'>eisdem</span> <span class='ocrx_word' id='word_1_481' title='bbox 1656 1155 1836 1181; x_wconf 80' lang='lat' dir='ltr'>laudabiliter</span> <span class='ocrx_word' id='word_1_482' title='bbox 1855 1154 1890 1180; x_wconf 87' lang='lat' dir='ltr'>de</span> <span class='ocrx_word' id='word_1_483' title='bbox 1915 1155 1988 1180; x_wconf 90' lang='lat' dir='ltr'>bono</span> <span class='ocrx_word' id='word_1_484' title='bbox 2011 1155 2038 1180; x_wconf 90' lang='lat' dir='ltr'>in</span> <span class='ocrx_word' id='word_1_485' title='bbox 2064 1154 2166 1180; x_wconf 85' lang='lat' dir='ltr'>melius</span> <span class='ocrx_word' id='word_1_486' title='bbox 2190 1162 2291 1188; x_wconf 89' lang='lat' dir='ltr'>perse-</span> 
     </span>
     <span class='ocr_line' id='line_1_67' title="bbox 1320 1202 2294 1237; baseline -0.003 -6"><span class='ocrx_word' id='word_1_487' title='bbox 1320 1214 1417 1231; x_wconf 72' lang='lat' dir='ltr'>verare</span> <span class='ocrx_word' id='word_1_488' title='bbox 1429 1227 1435 1236; x_wconf 77' lang='grc'>,</span> <span class='ocrx_word' id='word_1_489' title='bbox 1469 1206 1602 1231; x_wconf 87' lang='lat' dir='ltr'>ducimur</span> <span class='ocrx_word' id='word_1_490' title='bbox 1633 1204 1706 1230; x_wconf 84' lang='lat' dir='ltr'>haud</span> <span class='ocrx_word' id='word_1_491' title='bbox 1739 1203 1881 1229; x_wconf 87' lang='lat' dir='ltr'>immerito</span> <span class='ocrx_word' id='word_1_492' title='bbox 1911 1211 2062 1237; x_wconf 83' lang='lat' dir='ltr'>personam</span> <span class='ocrx_word' id='word_1_493' title='bbox 2090 1206 2167 1228; x_wconf 83' lang='lat' dir='ltr'>tuam</span> <span class='ocrx_word' id='word_1_494' title='bbox 2193 1202 2294 1236; x_wconf 84' lang='lat' dir='ltr'>gratiis</span> 
     </span>
     <span class='ocr_line' id='line_1_68' title="bbox 1319 1251 2291 1288; baseline -0.004 -8"><span class='ocrx_word' id='word_1_495' title='bbox 1319 1255 1537 1288; x_wconf 87' lang='lat' dir='ltr'>honoribusque</span> <span class='ocrx_word' id='word_1_496' title='bbox 1567 1254 1720 1287; x_wconf 83' lang='lat' dir='ltr'>complecti</span> <span class='ocrx_word' id='word_1_497' title='bbox 1761 1261 1809 1286; x_wconf 89' lang='lat' dir='ltr'>pro</span> <span class='ocrx_word' id='word_1_498' title='bbox 1842 1253 1936 1286; x_wconf 85' lang='lat' dir='ltr'>aliqua</span> <span class='ocrx_word' id='word_1_499' title='bbox 1970 1251 2147 1285; x_wconf 76' lang='lat' dir='ltr'>gratitudine</span> <span class='ocrx_word' id='word_1_500' title='bbox 2184 1255 2213 1277; x_wconf 88' lang='lat' dir='ltr'>et</span> <span class='ocrx_word' id='word_1_501' title='bbox 2246 1259 2291 1277; x_wconf 88' lang='lat' dir='ltr'>re-</span> 
     </span>
     <span class='ocr_line' id='line_1_69' title="bbox 1319 1299 2292 1337; baseline -0.005 -8"><span class='ocrx_word' id='word_1_502' title='bbox 1319 1311 1474 1337; x_wconf 83' lang='lat' dir='ltr'>compensa</span> <span class='ocrx_word' id='word_1_503' title='bbox 1491 1310 1684 1336; x_wconf 85' lang='lat' dir='ltr'>expensarum</span> <span class='ocrx_word' id='word_1_504' title='bbox 1701 1305 1729 1327; x_wconf 88' lang='lat' dir='ltr'>et</span> <span class='ocrx_word' id='word_1_505' title='bbox 1750 1302 1876 1327; x_wconf 90' lang='lat' dir='ltr'>laborum</span> <span class='ocrx_word' id='word_1_506' title='bbox 1900 1301 2028 1334; x_wconf 86' lang='lat' dir='ltr'>ipsorum</span> <span class='ocrx_word' id='word_1_507' title='bbox 2041 1320 2047 1331; x_wconf 78' lang='grc'><em>,</em></span> <span class='ocrx_word' id='word_1_508' title='bbox 2067 1303 2154 1333; x_wconf 85' lang='lat' dir='ltr'>utque</span> <span class='ocrx_word' id='word_1_509' title='bbox 2177 1299 2210 1324; x_wconf 81' lang='lat' dir='ltr'>ad</span> <span class='ocrx_word' id='word_1_510' title='bbox 2228 1307 2292 1325; x_wconf 84' lang='lat' dir='ltr'>scr—</span> 
     </span>
     <span class='ocr_line' id='line_1_70' title="bbox 1320 1348 2292 1386; baseline -0.004 -9"><span class='ocrx_word' id='word_1_511' title='bbox 1320 1352 1386 1377; x_wconf 86' lang='lat' dir='ltr'>vitia</span> <span class='ocrx_word' id='word_1_512' title='bbox 1406 1352 1497 1386; x_wconf 85' lang='lat' dir='ltr'>ipsius</span> <span class='ocrx_word' id='word_1_513' title='bbox 1521 1350 1644 1376; x_wconf 85' lang='lat' dir='ltr'>ecclesie</span> <span class='ocrx_word' id='word_1_514' title='bbox 1667 1354 1722 1376; x_wconf 88' lang='lat' dir='ltr'>tam</span> <span class='ocrx_word' id='word_1_515' title='bbox 1748 1349 1854 1376; x_wconf 84' lang='lat' dir='ltr'>nostris</span> <span class='ocrx_word' id='word_1_516' title='bbox 1876 1357 1960 1383; x_wconf 85' lang='lat' dir='ltr'>quam</span> <span class='ocrx_word' id='word_1_517' title='bbox 1984 1349 2089 1374; x_wconf 85' lang='lat' dir='ltr'>futuris</span> <span class='ocrx_word' id='word_1_518' title='bbox 2113 1348 2292 1382; x_wconf 89' lang='lat' dir='ltr'>temporibus</span> 
     </span>
     <span class='ocr_line' id='line_1_71' title="bbox 1324 1395 2291 1434; baseline -0.005 -8"><span class='ocrx_word' id='word_1_519' title='bbox 1324 1402 1372 1434; x_wconf 76' lang='lat' dir='ltr'>[eol</span> <span class='ocrx_word' id='word_1_520' title='bbox 1385 1400 1543 1426; x_wconf 81' lang='lat' dir='ltr'>ferventius</span> <span class='ocrx_word' id='word_1_521' title='bbox 1552 1408 1584 1425; x_wconf 86' lang='lat' dir='ltr'>ac</span> <span class='ocrx_word' id='word_1_522' title='bbox 1596 1400 1751 1433; x_wconf 82' lang='lat' dir='ltr'>perfectius</span> <span class='ocrx_word' id='word_1_523' title='bbox 1761 1399 1897 1424; x_wconf 87' lang='lat' dir='ltr'>animeris</span> <span class='ocrx_word' id='word_1_524' title='bbox 1907 1406 1963 1432; x_wconf 91' lang='lat' dir='ltr'>quo</span> <span class='ocrx_word' id='word_1_525' title='bbox 1975 1402 2000 1423; x_wconf 94' lang='lat' dir='ltr'>te</span> <span class='ocrx_word' id='word_1_526' title='bbox 2011 1397 2139 1423; x_wconf 88' lang='lat' dir='ltr'>senseris</span> <span class='ocrx_word' id='word_1_527' title='bbox 2149 1396 2183 1422; x_wconf 87' lang='lat' dir='ltr'>ab</span> <span class='ocrx_word' id='word_1_528' title='bbox 2193 1395 2291 1422; x_wconf 85' lang='lat' dir='ltr'>eadem</span> 
     </span>
     <span class='ocr_line' id='line_1_72' title="bbox 1320 1445 2293 1483; baseline -0.005 -8"><span class='ocrx_word' id='word_1_529' title='bbox 1320 1449 1442 1475; x_wconf 88' lang='lat' dir='ltr'>ecclesia</span> <span class='ocrx_word' id='word_1_530' title='bbox 1474 1448 1649 1483; x_wconf 83' lang='lat' dir='ltr'>peramplius</span> <span class='ocrx_word' id='word_1_531' title='bbox 1679 1448 1812 1473; x_wconf 88' lang='lat' dir='ltr'>honorari</span> <span class='ocrx_word' id='word_1_532' title='bbox 1845 1451 1871 1472; x_wconf 93' lang='lat' dir='ltr'>et</span> <span class='ocrx_word' id='word_1_533' title='bbox 1902 1446 2043 1480; x_wconf 82' lang='lat' dir='ltr'>obsequia</span> <span class='ocrx_word' id='word_1_534' title='bbox 2074 1445 2156 1471; x_wconf 90' lang='lat' dir='ltr'>nobis</span> <span class='ocrx_word' id='word_1_535' title='bbox 2183 1449 2211 1471; x_wconf 90' lang='lat' dir='ltr'>et</span> <span class='ocrx_word' id='word_1_536' title='bbox 2239 1445 2293 1471; x_wconf 89' lang='lat' dir='ltr'>sibi</span> 
     </span>
     <span class='ocr_line' id='line_1_73' title="bbox 1321 1494 2295 1532; baseline -0.003 -9"><span class='ocrx_word' id='word_1_537' title='bbox 1321 1499 1440 1532; x_wconf 85' lang='lat' dir='ltr'>prestita</span> <span class='ocrx_word' id='word_1_538' title='bbox 1458 1497 1633 1531; x_wconf 75' lang='lat' dir='ltr'>gratitudine</span> <span class='ocrx_word' id='word_1_539' title='bbox 1650 1497 1798 1529; x_wconf 71' lang='lat' dir='ltr'>recognita</span> <span class='ocrx_word' id='word_1_540' title='bbox 1814 1496 1964 1530; x_wconf 83' lang='lat' dir='ltr'>prontiori.</span> <span class='ocrx_word' id='word_1_541' title='bbox 1981 1495 2044 1521; x_wconf 81' lang='lat' dir='ltr'>Tibi</span> <span class='ocrx_word' id='word_1_542' title='bbox 2062 1496 2150 1527; x_wconf 70' lang='lat' dir='ltr'>igitur</span> <span class='ocrx_word' id='word_1_543' title='bbox 2172 1498 2199 1520; x_wconf 87' lang='lat' dir='ltr'>et</span> <span class='ocrx_word' id='word_1_544' title='bbox 2221 1494 2295 1520; x_wconf 88' lang='lat' dir='ltr'>natis</span> 
     </span>
     <span class='ocr_line' id='line_1_74' title="bbox 1321 1543 2295 1578; baseline -0.004 -6"><span class='ocrx_word' id='word_1_545' title='bbox 1321 1547 1380 1573; x_wconf 89' lang='lat' dir='ltr'>tuis</span> <span class='ocrx_word' id='word_1_546' title='bbox 1397 1547 1532 1572; x_wconf 81' lang='lat' dir='ltr'>masculis</span> <span class='ocrx_word' id='word_1_547' title='bbox 1550 1549 1676 1578; x_wconf 76' lang='lat' dir='ltr'>tantum,</span> <span class='ocrx_word' id='word_1_548' title='bbox 1694 1547 1716 1571; x_wconf 92' lang='lat' dir='ltr'>si</span> <span class='ocrx_word' id='word_1_549' title='bbox 1735 1545 1783 1578; x_wconf 81' lang='lat' dir='ltr'>qui</span> <span class='ocrx_word' id='word_1_550' title='bbox 1802 1548 1957 1570; x_wconf 88' lang='lat' dir='ltr'>nascentur</span> <span class='ocrx_word' id='word_1_551' title='bbox 1972 1544 2006 1569; x_wconf 84' lang='lat' dir='ltr'>de</span> <span class='ocrx_word' id='word_1_552' title='bbox 2024 1548 2072 1570; x_wconf 90' lang='lat' dir='ltr'>tuo</span> <span class='ocrx_word' id='word_1_553' title='bbox 2088 1551 2208 1577; x_wconf 88' lang='lat' dir='ltr'>corpore</span> <span class='ocrx_word' id='word_1_554' title='bbox 2225 1543 2295 1577; x_wconf 87' lang='lat' dir='ltr'>legi-</span> 
     </span>
     <span class='ocr_line' id='line_1_75' title="bbox 1321 1591 2295 1628; baseline -0.004 -7"><span class='ocrx_word' id='word_1_555' title='bbox 1321 1595 1400 1624; x_wconf 83' lang='lat' dir='ltr'>time,</span> <span class='ocrx_word' id='word_1_556' title='bbox 1418 1594 1663 1620; x_wconf 82' lang='lat' dir='ltr'>descendentibus</span> <span class='ocrx_word' id='word_1_557' title='bbox 1680 1595 1910 1628; x_wconf 77' lang='lat' dir='ltr'>imperpetuum,</span> <span class='ocrx_word' id='word_1_558' title='bbox 1930 1600 1984 1618; x_wconf 86' lang='lat' dir='ltr'>non</span> <span class='ocrx_word' id='word_1_559' title='bbox 2000 1592 2033 1618; x_wconf 84' lang='lat' dir='ltr'>ad</span> <span class='ocrx_word' id='word_1_560' title='bbox 2052 1596 2100 1618; x_wconf 88' lang='lat' dir='ltr'>tue</span> <span class='ocrx_word' id='word_1_561' title='bbox 2117 1592 2159 1616; x_wconf 88' lang='lat' dir='ltr'>vel</span> <span class='ocrx_word' id='word_1_562' title='bbox 2176 1591 2295 1617; x_wconf 86' lang='lat' dir='ltr'>alterius</span> 
     </span>
     <span class='ocr_line' id='line_1_76' title="bbox 1323 1640 2295 1679; baseline -0.005 -9"><span class='ocrx_word' id='word_1_563' title='bbox 1323 1653 1372 1679; x_wconf 91' lang='lat' dir='ltr'>pro</span> <span class='ocrx_word' id='word_1_564' title='bbox 1389 1648 1415 1669; x_wconf 93' lang='lat' dir='ltr'>te</span> <span class='ocrx_word' id='word_1_565' title='bbox 1434 1644 1581 1678; x_wconf 88' lang='lat' dir='ltr'>petitionis</span> <span class='ocrx_word' id='word_1_566' title='bbox 1598 1643 1763 1669; x_wconf 82' lang='lat' dir='ltr'>instantiam</span> <span class='ocrx_word' id='word_1_567' title='bbox 1782 1642 1831 1668; x_wconf 88' lang='lat' dir='ltr'>sed</span> <span class='ocrx_word' id='word_1_568' title='bbox 1849 1641 1883 1667; x_wconf 89' lang='lat' dir='ltr'>de</span> <span class='ocrx_word' id='word_1_569' title='bbox 1901 1644 1998 1667; x_wconf 89' lang='lat' dir='ltr'>nostra</span> <span class='ocrx_word' id='word_1_570' title='bbox 2017 1649 2094 1666; x_wconf 83' lang='lat' dir='ltr'>mera</span> <span class='ocrx_word' id='word_1_571' title='bbox 2115 1640 2295 1671; x_wconf 78' lang='lat' dir='ltr'>liberalitate,</span> 
     </span>
     <span class='ocr_line' id='line_1_77' title="bbox 1322 1688 2298 1727; baseline -0.006 -8"><span class='ocrx_word' id='word_1_572' title='bbox 1322 1698 1400 1719; x_wconf 84' lang='lat' dir='ltr'>motu</span> <span class='ocrx_word' id='word_1_573' title='bbox 1426 1693 1551 1727; x_wconf 65' lang='lat' dir='ltr'>proprio,</span> <span class='ocrx_word' id='word_1_574' title='bbox 1569 1696 1695 1718; x_wconf 86' lang='lat' dir='ltr'>castrum</span> <span class='ocrx_word' id='word_1_575' title='bbox 1720 1690 1849 1717; x_wconf 79' lang='lat' dir='ltr'>Surriani</span> <span class='ocrx_word' id='word_1_576' title='bbox 1866 1690 1973 1717; x_wconf 87' lang='lat' dir='ltr'>Ortane</span> <span class='ocrx_word' id='word_1_577' title='bbox 1996 1689 2121 1715; x_wconf 87' lang='lat' dir='ltr'>diocesis</span> <span class='ocrx_word' id='word_1_578' title='bbox 2145 1688 2178 1714; x_wconf 90' lang='lat' dir='ltr'>ad</span> <span class='ocrx_word' id='word_1_579' title='bbox 2196 1695 2248 1714; x_wconf 86' lang='lat' dir='ltr'>nos</span> <span class='ocrx_word' id='word_1_580' title='bbox 2269 1692 2298 1713; x_wconf 90' lang='lat' dir='ltr'>et</span> 
     </span>
     <span class='ocr_line' id='line_1_78' title="bbox 1323 1736 2297 1774; baseline -0.007 -6"><span class='ocrx_word' id='word_1_581' title='bbox 1323 1742 1482 1768; x_wconf 81' lang='lat' dir='ltr'>Romanam</span> <span class='ocrx_word' id='word_1_582' title='bbox 1497 1741 1648 1767; x_wconf 88' lang='lat' dir='ltr'>ecclesiam</span> <span class='ocrx_word' id='word_1_583' title='bbox 1664 1740 1740 1766; x_wconf 88' lang='lat' dir='ltr'>nullo</span> <span class='ocrx_word' id='word_1_584' title='bbox 1753 1740 1846 1766; x_wconf 88' lang='lat' dir='ltr'>medio</span> <span class='ocrx_word' id='word_1_585' title='bbox 1859 1739 2016 1774; x_wconf 83' lang='lat' dir='ltr'>pertinens,</span> <span class='ocrx_word' id='word_1_586' title='bbox 2032 1738 2097 1764; x_wconf 89' lang='lat' dir='ltr'>licet</span> <span class='ocrx_word' id='word_1_587' title='bbox 2114 1736 2179 1763; x_wconf 86' lang='lat' dir='ltr'>illud</span> <span class='ocrx_word' id='word_1_588' title='bbox 2193 1736 2297 1762; x_wconf 84' lang='lat' dir='ltr'>dilecto</span> 
     </span>
     <span class='ocr_line' id='line_1_79' title="bbox 1322 1787 2296 1823; baseline -0.002 -6"><span class='ocrx_word' id='word_1_589' title='bbox 1322 1791 1379 1817; x_wconf 89' lang='lat' dir='ltr'>filio</span> <span class='ocrx_word' id='word_1_590' title='bbox 1396 1791 1483 1816; x_wconf 87' lang='lat' dir='ltr'>nobili</span> <span class='ocrx_word' id='word_1_591' title='bbox 1507 1791 1567 1816; x_wconf 92' lang='lat' dir='ltr'>viro</span> <span class='ocrx_word' id='word_1_592' title='bbox 1588 1789 1697 1816; x_wconf 80' lang='lat' dir='ltr'>Jacobo</span> <span class='ocrx_word' id='word_1_593' title='bbox 1719 1788 1753 1814; x_wconf 87' lang='lat' dir='ltr'>de</span> <span class='ocrx_word' id='word_1_594' title='bbox 1776 1789 1909 1823; x_wconf 88' lang='lat' dir='ltr'>Appiano</span> <span class='ocrx_word' id='word_1_595' title='bbox 1930 1789 2011 1814; x_wconf 91' lang='lat' dir='ltr'>militi</span> <span class='ocrx_word' id='word_1_596' title='bbox 2031 1787 2136 1815; x_wconf 82' lang='lat' dir='ltr'>Pisano</span> <span class='ocrx_word' id='word_1_597' title='bbox 2154 1797 2204 1823; x_wconf 88' lang='lat' dir='ltr'>pro</span> <span class='ocrx_word' id='word_1_598' title='bbox 2221 1793 2296 1815; x_wconf 86' lang='lat' dir='ltr'>certa</span> 
     </span>
     <span class='ocr_line' id='line_1_80' title="bbox 1323 1837 2298 1874; baseline -0.002 -9"><span class='ocrx_word' id='word_1_599' title='bbox 1323 1848 1436 1866; x_wconf 86' lang='lat' dir='ltr'>summa</span> <span class='ocrx_word' id='word_1_600' title='bbox 1462 1840 1584 1874; x_wconf 86' lang='lat' dir='ltr'>pecunie</span> <span class='ocrx_word' id='word_1_601' title='bbox 1613 1839 1667 1865; x_wconf 89' lang='lat' dir='ltr'>sub</span> <span class='ocrx_word' id='word_1_602' title='bbox 1693 1838 1781 1864; x_wconf 74' lang='lat' dir='ltr'>cei-tls</span> <span class='ocrx_word' id='word_1_603' title='bbox 1807 1837 1910 1872; x_wconf 86' lang='lat' dir='ltr'>pactis,</span> <span class='ocrx_word' id='word_1_604' title='bbox 1940 1841 1970 1863; x_wconf 90' lang='lat' dir='ltr'>ut</span> <span class='ocrx_word' id='word_1_605' title='bbox 1992 1837 2095 1863; x_wconf 86' lang='lat' dir='ltr'>litteris</span> <span class='ocrx_word' id='word_1_606' title='bbox 2121 1846 2208 1871; x_wconf 90' lang='lat' dir='ltr'>super</span> <span class='ocrx_word' id='word_1_607' title='bbox 2233 1837 2298 1864; x_wconf 91' lang='lat' dir='ltr'>inde</span> 
     </span>
     <span class='ocr_line' id='line_1_81' title="bbox 1323 1885 2297 1921; baseline -0.003 -7"><span class='ocrx_word' id='word_1_608' title='bbox 1323 1888 1463 1915; x_wconf 85' lang='lat' dir='ltr'>conlectis</span> <span class='ocrx_word' id='word_1_609' title='bbox 1479 1891 1613 1921; x_wconf 80' lang='lat' dir='ltr'>apparet,</span> <span class='ocrx_word' id='word_1_610' title='bbox 1632 1887 1814 1921; x_wconf 75' lang='lat' dir='ltr'>pignoratum</span> <span class='ocrx_word' id='word_1_611' title='bbox 1834 1886 1916 1912; x_wconf 85' lang='lat' dir='ltr'>suerit</span> <span class='ocrx_word' id='word_1_612' title='bbox 1929 1906 1935 1916; x_wconf 83' lang='grc'>,</span> <span class='ocrx_word' id='word_1_613' title='bbox 1953 1894 2017 1912; x_wconf 92' lang='lat' dir='ltr'>cum</span> <span class='ocrx_word' id='word_1_614' title='bbox 2037 1887 2100 1912; x_wconf 87' lang='lat' dir='ltr'>suis</span> <span class='ocrx_word' id='word_1_615' title='bbox 2117 1885 2297 1917; x_wconf 87' lang='lat' dir='ltr'>hominibus,</span> 
     </span>
     <span class='ocr_line' id='line_1_82' title="bbox 1325 1935 2298 1969; baseline -0.001 -7"><span class='ocrx_word' id='word_1_616' title='bbox 1325 1938 1468 1963; x_wconf 77' lang='lat' dir='ltr'>sortellitio</span> <span class='ocrx_word' id='word_1_617' title='bbox 1485 1937 1547 1963; x_wconf 87' lang='lat' dir='ltr'>sive</span> <span class='ocrx_word' id='word_1_618' title='bbox 1566 1944 1658 1966; x_wconf 79' lang='lat' dir='ltr'>rocca,</span> <span class='ocrx_word' id='word_1_619' title='bbox 1678 1936 1832 1962; x_wconf 89' lang='lat' dir='ltr'>territoriis</span> <span class='ocrx_word' id='word_1_620' title='bbox 1848 1939 1875 1960; x_wconf 89' lang='lat' dir='ltr'>et</span> <span class='ocrx_word' id='word_1_621' title='bbox 1891 1935 2042 1967; x_wconf 85' lang='lat' dir='ltr'>districtu,</span> <span class='ocrx_word' id='word_1_622' title='bbox 2060 1935 2152 1967; x_wconf 81' lang='lat' dir='ltr'>silvis,</span> <span class='ocrx_word' id='word_1_623' title='bbox 2171 1936 2298 1969; x_wconf 83' lang='lat' dir='ltr'>pascuis,</span> 
     </span>
     <span class='ocr_line' id='line_1_83' title="bbox 1324 1984 2297 2018; baseline -0.003 -6"><span class='ocrx_word' id='word_1_624' title='bbox 1324 1986 1475 2016; x_wconf 82' lang='lat' dir='ltr'>fructibus,</span> <span class='ocrx_word' id='word_1_625' title='bbox 1502 1985 1676 2015; x_wconf 85' lang='lat' dir='ltr'>redditibus,</span> <span class='ocrx_word' id='word_1_626' title='bbox 1701 1984 1835 2018; x_wconf 83' lang='lat' dir='ltr'>juribus⁷</span> <span class='ocrx_word' id='word_1_627' title='bbox 1859 1984 2041 2018; x_wconf 86' lang='lat' dir='ltr'>pertinentiis</span> <span class='ocrx_word' id='word_1_628' title='bbox 2063 1987 2091 2009; x_wconf 91' lang='lat' dir='ltr'>et</span> <span class='ocrx_word' id='word_1_629' title='bbox 2111 1984 2297 2018; x_wconf 77' lang='lat' dir='ltr'>adjacentiis,</span> 
     </span>
     <span class='ocr_line' id='line_1_84' title="bbox 1322 2033 2296 2063; baseline -0.001 -3"><span class='ocrx_word' id='word_1_630' title='bbox 1322 2035 1527 2060; x_wconf 86' lang='lat' dir='ltr'>emolumentis</span> <span class='ocrx_word' id='word_1_631' title='bbox 1543 2038 1571 2060; x_wconf 90' lang='lat' dir='ltr'>et</span> <span class='ocrx_word' id='word_1_632' title='bbox 1587 2033 1811 2059; x_wconf 87' lang='lat' dir='ltr'>obventionibus</span> <span class='ocrx_word' id='word_1_633' title='bbox 1829 2033 1983 2063; x_wconf 87' lang='lat' dir='ltr'>universis,</span> <span class='ocrx_word' id='word_1_634' title='bbox 1999 2036 2028 2058; x_wconf 92' lang='lat' dir='ltr'>et</span> <span class='ocrx_word' id='word_1_635' title='bbox 2041 2033 2104 2059; x_wconf 90' lang='lat' dir='ltr'>aliis</span> <span class='ocrx_word' id='word_1_636' title='bbox 2120 2033 2255 2059; x_wconf 88' lang='lat' dir='ltr'>omnihus</span> <span class='ocrx_word' id='word_1_637' title='bbox 2270 2033 2296 2059; x_wconf 87' lang='lat' dir='ltr'>in</span> 
     </span>
     <span class='ocr_line' id='line_1_85' title="bbox 1323 2082 2299 2118; baseline -0.002 -9"><span class='ocrx_word' id='word_1_638' title='bbox 1323 2084 1429 2118; x_wconf 87' lang='lat' dir='ltr'>quihus</span> <span class='ocrx_word' id='word_1_639' title='bbox 1456 2083 1630 2109; x_wconf 73' lang='lat' dir='ltr'>habitatores</span> <span class='ocrx_word' id='word_1_640' title='bbox 1654 2083 1747 2116; x_wconf 89' lang='lat' dir='ltr'>ipsius</span> <span class='ocrx_word' id='word_1_641' title='bbox 1771 2082 1857 2108; x_wconf 88' lang='lat' dir='ltr'>castri</span> <span class='ocrx_word' id='word_1_642' title='bbox 1876 2082 1958 2107; x_wconf 91' lang='lat' dir='ltr'>uobis</span> <span class='ocrx_word' id='word_1_643' title='bbox 1974 2087 2002 2107; x_wconf 84' lang='lat' dir='ltr'>et</span> <span class='ocrx_word' id='word_1_644' title='bbox 2019 2082 2148 2108; x_wconf 77' lang='lat' dir='ltr'>Romane</span> <span class='ocrx_word' id='word_1_645' title='bbox 2165 2086 2299 2108; x_wconf 80' lang='lat' dir='ltr'>tenentur</span> 
     </span>
     <span class='ocr_line' id='line_1_86' title="bbox 1322 2130 2297 2165; baseline -0.002 -7"><span class='ocrx_word' id='word_1_646' title='bbox 1322 2132 1445 2158; x_wconf 86' lang='lat' dir='ltr'>ecclesie</span> <span class='ocrx_word' id='word_1_647' title='bbox 1459 2132 1583 2158; x_wconf 87' lang='lat' dir='ltr'>realibus</span> <span class='ocrx_word' id='word_1_648' title='bbox 1595 2136 1621 2157; x_wconf 86' lang='lat' dir='ltr'>et</span> <span class='ocrx_word' id='word_1_649' title='bbox 1635 2131 1846 2165; x_wconf 83' lang='lat' dir='ltr'>personalibus,</span> <span class='ocrx_word' id='word_1_650' title='bbox 1864 2131 1891 2156; x_wconf 85' lang='lat' dir='ltr'>in</span> <span class='ocrx_word' id='word_1_651' title='bbox 1909 2130 2025 2156; x_wconf 81' lang='lat' dir='ltr'>feudum</span> <span class='ocrx_word' id='word_1_652' title='bbox 2039 2130 2131 2156; x_wconf 83' lang='lat' dir='ltr'>nobile</span> <span class='ocrx_word' id='word_1_653' title='bbox 2143 2134 2171 2156; x_wconf 88' lang='lat' dir='ltr'>et</span> <span class='ocrx_word' id='word_1_654' title='bbox 2186 2134 2297 2157; x_wconf 88' lang='lat' dir='ltr'>rectum</span> 
     </span>
     <span class='ocr_line' id='line_1_87' title="bbox 1324 2178 2298 2212; baseline -0.003 -5"><span class='ocrx_word' id='word_1_655' title='bbox 1324 2186 1352 2207; x_wconf 88' lang='lat' dir='ltr'>et</span> <span class='ocrx_word' id='word_1_656' title='bbox 1371 2181 1404 2207; x_wconf 82' lang='lat' dir='ltr'>ad</span> <span class='ocrx_word' id='word_1_657' title='bbox 1428 2189 1513 2206; x_wconf 90' lang='lat' dir='ltr'>usum</span> <span class='ocrx_word' id='word_1_658' title='bbox 1538 2180 1641 2206; x_wconf 85' lang='lat' dir='ltr'>nobilis</span> <span class='ocrx_word' id='word_1_659' title='bbox 1662 2184 1689 2205; x_wconf 86' lang='lat' dir='ltr'>et</span> <span class='ocrx_word' id='word_1_660' title='bbox 1706 2179 1776 2205; x_wconf 88' lang='lat' dir='ltr'>recti</span> <span class='ocrx_word' id='word_1_661' title='bbox 1794 2178 1888 2210; x_wconf 79' lang='lat' dir='ltr'>feudi,</span> <span class='ocrx_word' id='word_1_662' title='bbox 1905 2180 1941 2205; x_wconf 86' lang='lat' dir='ltr'>ita</span> <span class='ocrx_word' id='word_1_663' title='bbox 1958 2179 2033 2212; x_wconf 82' lang='lat' dir='ltr'>quod</span> <span class='ocrx_word' id='word_1_664' title='bbox 2051 2179 2151 2205; x_wconf 84' lang='lat' dir='ltr'>babeat</span> <span class='ocrx_word' id='word_1_665' title='bbox 2169 2182 2298 2205; x_wconf 88' lang='lat' dir='ltr'>naturam</span> 
     </span>
     <span class='ocr_line' id='line_1_88' title="bbox 1325 2227 2299 2264; baseline -0.002 -9"><span class='ocrx_word' id='word_1_666' title='bbox 1325 2230 1444 2263; x_wconf 54' lang='lat' dir='ltr'>antiqui¹</span> <span class='ocrx_word' id='word_1_667' title='bbox 1463 2230 1529 2255; x_wconf 79' lang='lat' dir='ltr'>aviti</span> <span class='ocrx_word' id='word_1_668' title='bbox 1546 2233 1574 2255; x_wconf 89' lang='lat' dir='ltr'>et</span> <span class='ocrx_word' id='word_1_669' title='bbox 1592 2228 1712 2264; x_wconf 85' lang='lat' dir='ltr'>proaviti</span> <span class='ocrx_word' id='word_1_670' title='bbox 1732 2228 1822 2256; x_wconf 79' lang='lat' dir='ltr'>feudi.</span> <span class='ocrx_word' id='word_1_671' title='bbox 1839 2228 2010 2254; x_wconf 86' lang='lat' dir='ltr'>auctoritate</span> <span class='ocrx_word' id='word_1_672' title='bbox 2026 2227 2184 2262; x_wconf 88' lang='lat' dir='ltr'>apostolica</span> <span class='ocrx_word' id='word_1_673' title='bbox 2199 2231 2299 2254; x_wconf 88' lang='lat' dir='ltr'>tenore</span> 
     </span>
     <span class='ocr_line' id='line_1_89' title="bbox 1325 2275 2299 2313; baseline -0.001 -9"><span class='ocrx_word' id='word_1_674' title='bbox 1325 2279 1502 2313; x_wconf 86' lang='lat' dir='ltr'>presentium</span> <span class='ocrx_word' id='word_1_675' title='bbox 1536 2278 1655 2310; x_wconf 81' lang='lat' dir='ltr'>damus,</span> <span class='ocrx_word' id='word_1_676' title='bbox 1686 2276 1875 2303; x_wconf 83' lang='lat' dir='ltr'>concedimus</span> <span class='ocrx_word' id='word_1_677' title='bbox 1907 2281 1934 2302; x_wconf 88' lang='lat' dir='ltr'>et</span> <span class='ocrx_word' id='word_1_678' title='bbox 1962 2277 2168 2310; x_wconf 78' lang='lat' dir='ltr'>assignamus3</span> <span class='ocrx_word' id='word_1_679' title='bbox 2198 2275 2299 2303; x_wconf 86' lang='lat' dir='ltr'>dautes</span> 
     </span>
     <span class='ocr_line' id='line_1_90' title="bbox 1325 2326 2299 2361; baseline -0.003 -6"><span class='ocrx_word' id='word_1_680' title='bbox 1325 2329 1374 2355; x_wconf 91' lang='lat' dir='ltr'>tibi</span> <span class='ocrx_word' id='word_1_681' title='bbox 1400 2333 1428 2354; x_wconf 90' lang='lat' dir='ltr'>et</span> <span class='ocrx_word' id='word_1_682' title='bbox 1453 2329 1561 2354; x_wconf 84' lang='lat' dir='ltr'>eisdem</span> <span class='ocrx_word' id='word_1_683' title='bbox 1595 2328 1669 2354; x_wconf 85' lang='lat' dir='ltr'>natis</span> <span class='ocrx_word' id='word_1_684' title='bbox 1703 2328 1813 2361; x_wconf 84' lang='lat' dir='ltr'>plenam</span> <span class='ocrx_word' id='word_1_685' title='bbox 1838 2327 1980 2353; x_wconf 86' lang='lat' dir='ltr'>licentiam</span> <span class='ocrx_word' id='word_1_686' title='bbox 2010 2331 2038 2352; x_wconf 90' lang='lat' dir='ltr'>et</span> <span class='ocrx_word' id='word_1_687' title='bbox 2067 2326 2182 2352; x_wconf 85' lang='lat' dir='ltr'>liberam</span> <span class='ocrx_word' id='word_1_688' title='bbox 2209 2326 2299 2352; x_wconf 78' lang='lat' dir='ltr'>facul-</span> 
     </span>
     <span class='ocr_line' id='line_1_91' title="bbox 1326 2375 2299 2412; baseline -0.004 -8"><span class='ocrx_word' id='word_1_689' title='bbox 1326 2382 1410 2404; x_wconf 84' lang='lat' dir='ltr'>tatem</span> <span class='ocrx_word' id='word_1_690' title='bbox 1428 2386 1477 2412; x_wconf 88' lang='lat' dir='ltr'>per</span> <span class='ocrx_word' id='word_1_691' title='bbox 1495 2382 1521 2403; x_wconf 91' lang='lat' dir='ltr'>te</span> <span class='ocrx_word' id='word_1_692' title='bbox 1536 2381 1586 2403; x_wconf 89' lang='lat' dir='ltr'>aut</span> <span class='ocrx_word' id='word_1_693' title='bbox 1604 2380 1818 2411; x_wconf 86' lang='lat' dir='ltr'>procuratorem</span> <span class='ocrx_word' id='word_1_694' title='bbox 1838 2375 1880 2400; x_wconf 79' lang='lat' dir='ltr'>vel</span> <span class='ocrx_word' id='word_1_695' title='bbox 1898 2375 2030 2401; x_wconf 83' lang='lat' dir='ltr'>nuntium</span> <span class='ocrx_word' id='word_1_696' title='bbox 2048 2379 2140 2405; x_wconf 88' lang='lat' dir='ltr'>tuum,</span> <span class='ocrx_word' id='word_1_697' title='bbox 2158 2378 2186 2400; x_wconf 86' lang='lat' dir='ltr'>et</span> <span class='ocrx_word' id='word_1_698' title='bbox 2204 2383 2253 2408; x_wconf 86' lang='lat' dir='ltr'>per</span> <span class='ocrx_word' id='word_1_699' title='bbox 2268 2382 2299 2400; x_wconf 84' lang='lat' dir='ltr'>se</span> 
     </span>
     <span class='ocr_line' id='line_1_92' title="bbox 1325 2421 2298 2461; baseline -0.005 -8"><span class='ocrx_word' id='word_1_700' title='bbox 1325 2431 1373 2453; x_wconf 83' lang='lat' dir='ltr'>aut</span> <span class='ocrx_word' id='word_1_701' title='bbox 1391 2430 1605 2461; x_wconf 84' lang='lat' dir='ltr'>procuratorem</span> <span class='ocrx_word' id='word_1_702' title='bbox 1623 2425 1666 2450; x_wconf 88' lang='lat' dir='ltr'>vel</span> <span class='ocrx_word' id='word_1_703' title='bbox 1683 2426 1819 2450; x_wconf 89' lang='lat' dir='ltr'>nuntium</span> <span class='ocrx_word' id='word_1_704' title='bbox 1838 2432 1935 2455; x_wconf 82' lang='lat' dir='ltr'>suum,</span> <span class='ocrx_word' id='word_1_705' title='bbox 1955 2423 2170 2457; x_wconf 85' lang='lat' dir='ltr'>possessionem</span> <span class='ocrx_word' id='word_1_706' title='bbox 2194 2421 2279 2449; x_wconf 81' lang='lat' dir='ltr'>castri</span> <span class='ocrx_word' id='word_1_707' title='bbox 2292 2443 2298 2454; x_wconf 83' lang='grc'>,</span> 
     </span>
     <span class='ocr_line' id='line_1_93' title="bbox 1326 2471 2300 2506; baseline -0.005 -4"><span class='ocrx_word' id='word_1_708' title='bbox 1326 2475 1461 2502; x_wconf 87' lang='lat' dir='ltr'>sortellitii</span> <span class='ocrx_word' id='word_1_709' title='bbox 1479 2476 1540 2501; x_wconf 89' lang='lat' dir='ltr'>sive</span> <span class='ocrx_word' id='word_1_710' title='bbox 1563 2482 1646 2500; x_wconf 74' lang='lat' dir='ltr'>rocco</span> <span class='ocrx_word' id='word_1_711' title='bbox 1666 2482 1699 2499; x_wconf 86' lang='lat' dir='ltr'>ae</span> <span class='ocrx_word' id='word_1_712' title='bbox 1722 2473 1843 2499; x_wconf 89' lang='lat' dir='ltr'>aliorum</span> <span class='ocrx_word' id='word_1_713' title='bbox 1862 2472 2108 2506; x_wconf 86' lang='lat' dir='ltr'>supradictorum,</span> <span class='ocrx_word' id='word_1_714' title='bbox 2130 2471 2300 2498; x_wconf 84' lang='lat' dir='ltr'>auctoritate</span> 
     </span>
     <span class='ocr_line' id='line_1_94' title="bbox 1328 2519 2298 2559; baseline -0.006 -9"><span class='ocrx_word' id='word_1_715' title='bbox 1328 2525 1440 2559; x_wconf 90' lang='lat' dir='ltr'>propria</span> <span class='ocrx_word' id='word_1_716' title='bbox 1457 2524 1545 2549; x_wconf 88' lang='lat' dir='ltr'>libere</span> <span class='ocrx_word' id='word_1_717' title='bbox 1560 2521 1776 2557; x_wconf 84' lang='lat' dir='ltr'>apprehendere</span> <span class='ocrx_word' id='word_1_718' title='bbox 1793 2525 1820 2547; x_wconf 82' lang='lat' dir='ltr'>et</span> <span class='ocrx_word' id='word_1_719' title='bbox 1837 2526 1944 2547; x_wconf 86' lang='lat' dir='ltr'>tenere.</span> <span class='ocrx_word' id='word_1_720' title='bbox 1963 2520 1997 2546; x_wconf 81' lang='lat' dir='ltr'>Et</span> <span class='ocrx_word' id='word_1_721' title='bbox 2012 2520 2035 2546; x_wconf 86' lang='lat' dir='ltr'>si</span> <span class='ocrx_word' id='word_1_722' title='bbox 2054 2520 2126 2546; x_wconf 84' lang='lat' dir='ltr'>forte</span> <span class='ocrx_word' id='word_1_723' title='bbox 2144 2519 2298 2553; x_wconf 85' lang='lat' dir='ltr'>predictam</span> 
     </span>
     <span class='ocr_line' id='line_1_95' title="bbox 1326 2568 2299 2606; baseline -0.006 -7"><span class='ocrx_word' id='word_1_724' title='bbox 1326 2581 1479 2604; x_wconf 72' lang='lat' dir='ltr'>summam,</span> <span class='ocrx_word' id='word_1_725' title='bbox 1492 2581 1548 2606; x_wconf 84' lang='lat' dir='ltr'>que</span> <span class='ocrx_word' id='word_1_726' title='bbox 1559 2571 1657 2597; x_wconf 87' lang='lat' dir='ltr'>decem</span> <span class='ocrx_word' id='word_1_727' title='bbox 1672 2570 1780 2596; x_wconf 87' lang='lat' dir='ltr'>milium</span> <span class='ocrx_word' id='word_1_728' title='bbox 1793 2569 1967 2595; x_wconf 87' lang='lat' dir='ltr'>florenorum</span> <span class='ocrx_word' id='word_1_729' title='bbox 1985 2569 2047 2595; x_wconf 91' lang='lat' dir='ltr'>auri</span> <span class='ocrx_word' id='word_1_730' title='bbox 2063 2568 2097 2594; x_wconf 89' lang='lat' dir='ltr'>de</span> <span class='ocrx_word' id='word_1_731' title='bbox 2114 2576 2228 2594; x_wconf 88' lang='lat' dir='ltr'>camera</span> <span class='ocrx_word' id='word_1_732' title='bbox 2244 2571 2299 2600; x_wconf 74' lang='lat' dir='ltr'>est,</span> 
     </span>
     <span class='ocr_line' id='line_1_96' title="bbox 1327 2616 2301 2656; baseline -0.007 -8"><span class='ocrx_word' id='word_1_733' title='bbox 1327 2622 1435 2656; x_wconf 83' lang='lat' dir='ltr'>prefato</span> <span class='ocrx_word' id='word_1_734' title='bbox 1446 2621 1555 2647; x_wconf 72' lang='lat' dir='ltr'>«Iacobo</span> <span class='ocrx_word' id='word_1_735' title='bbox 1571 2621 1684 2646; x_wconf 83' lang='lat' dir='ltr'>solvere</span> <span class='ocrx_word' id='word_1_736' title='bbox 1702 2624 1727 2645; x_wconf 85' lang='lat' dir='ltr'>te</span> <span class='ocrx_word' id='word_1_737' title='bbox 1743 2623 1792 2644; x_wconf 88' lang='lat' dir='ltr'>aut</span> <span class='ocrx_word' id='word_1_738' title='bbox 1811 2622 1892 2644; x_wconf 87' lang='lat' dir='ltr'>natos</span> <span class='ocrx_word' id='word_1_739' title='bbox 1909 2622 1975 2643; x_wconf 86' lang='lat' dir='ltr'>tuos</span> <span class='ocrx_word' id='word_1_740' title='bbox 1991 2617 2149 2650; x_wconf 78' lang='lat' dir='ltr'>continget,</span> <span class='ocrx_word' id='word_1_741' title='bbox 2166 2619 2215 2642; x_wconf 87' lang='lat' dir='ltr'>aut</span> <span class='ocrx_word' id='word_1_742' title='bbox 2231 2616 2301 2642; x_wconf 87' lang='lat' dir='ltr'>alias</span> 
     </span>
     <span class='ocr_line' id='line_1_97' title="bbox 1326 2665 2301 2705; baseline -0.007 -8"><span class='ocrx_word' id='word_1_743' title='bbox 1326 2679 1414 2705; x_wconf 86' lang='lat' dir='ltr'>super</span> <span class='ocrx_word' id='word_1_744' title='bbox 1431 2679 1463 2696; x_wconf 88' lang='lat' dir='ltr'>ea</span> <span class='ocrx_word' id='word_1_745' title='bbox 1480 2671 1574 2704; x_wconf 88' lang='lat' dir='ltr'>ipsum</span> <span class='ocrx_word' id='word_1_746' title='bbox 1591 2672 1759 2695; x_wconf 89' lang='lat' dir='ltr'>contentum</span> <span class='ocrx_word' id='word_1_747' title='bbox 1783 2668 1894 2699; x_wconf 80' lang='lat' dir='ltr'>faeere,</span> <span class='ocrx_word' id='word_1_748' title='bbox 1913 2666 2047 2692; x_wconf 85' lang='lat' dir='ltr'>volumus</span> <span class='ocrx_word' id='word_1_749' title='bbox 2062 2673 2094 2691; x_wconf 86' lang='lat' dir='ltr'>ac</span> <span class='ocrx_word' id='word_1_750' title='bbox 2117 2665 2301 2691; x_wconf 82' lang='lat' dir='ltr'>decernimus</span> 
     </span>
     <span class='ocr_line' id='line_1_98' title="bbox 1327 2714 2300 2753; baseline -0.007 -7"><span class='ocrx_word' id='word_1_751' title='bbox 1327 2728 1468 2746; x_wconf 85' lang='lat' dir='ltr'>cameram</span> <span class='ocrx_word' id='word_1_752' title='bbox 1482 2718 1667 2753; x_wconf 85' lang='lat' dir='ltr'>apostolicam</span> <span class='ocrx_word' id='word_1_753' title='bbox 1681 2717 1714 2742; x_wconf 87' lang='lat' dir='ltr'>ad</span> <span class='ocrx_word' id='word_1_754' title='bbox 1730 2717 1943 2742; x_wconf 84' lang='lat' dir='ltr'>restitutionem</span> <span class='ocrx_word' id='word_1_755' title='bbox 1963 2715 2054 2749; x_wconf 90' lang='lat' dir='ltr'>ipsius</span> <span class='ocrx_word' id='word_1_756' title='bbox 2072 2715 2193 2748; x_wconf 85' lang='lat' dir='ltr'>pecunie</span> <span class='ocrx_word' id='word_1_757' title='bbox 2210 2714 2300 2739; x_wconf 87' lang='lat' dir='ltr'>teneri</span> 
     </span>
     <span class='ocr_line' id='line_1_99' title="bbox 1327 2762 2300 2803; baseline -0.008 -8"><span class='ocrx_word' id='word_1_758' title='bbox 1327 2774 1354 2795; x_wconf 90' lang='lat' dir='ltr'>et</span> <span class='ocrx_word' id='word_1_759' title='bbox 1370 2769 1490 2803; x_wconf 82' lang='lat' dir='ltr'>obligari</span> <span class='ocrx_word' id='word_1_760' title='bbox 1506 2768 1556 2794; x_wconf 90' lang='lat' dir='ltr'>tibi</span> <span class='ocrx_word' id='word_1_761' title='bbox 1573 2768 1614 2793; x_wconf 90' lang='lat' dir='ltr'>vel</span> <span class='ocrx_word' id='word_1_762' title='bbox 1630 2767 1702 2792; x_wconf 88' lang='lat' dir='ltr'>natis</span> <span class='ocrx_word' id='word_1_763' title='bbox 1714 2765 1796 2800; x_wconf 88' lang='lat' dir='ltr'>ipsis,</span> <span class='ocrx_word' id='word_1_764' title='bbox 1811 2765 1979 2791; x_wconf 85' lang='lat' dir='ltr'>mandantes</span> <span class='ocrx_word' id='word_1_765' title='bbox 1991 2764 2085 2790; x_wconf 89' lang='lat' dir='ltr'>locum</span> <span class='ocrx_word' id='word_1_766' title='bbox 2098 2762 2207 2788; x_wconf 86' lang='lat' dir='ltr'>tenenti</span> <span class='ocrx_word' id='word_1_767' title='bbox 2225 2763 2300 2788; x_wconf 82' lang='lat' dir='ltr'>vice-</span> 
     </span>
     <span class='ocr_line' id='line_1_100' title="bbox 1326 2811 2302 2849; baseline -0.008 -5"><span class='ocrx_word' id='word_1_768' title='bbox 1326 2817 1474 2844; x_wconf 86' lang='lat' dir='ltr'>camerarii</span> <span class='ocrx_word' id='word_1_769' title='bbox 1502 2816 1591 2842; x_wconf 89' lang='lat' dir='ltr'>nostri</span> <span class='ocrx_word' id='word_1_770' title='bbox 1613 2819 1640 2842; x_wconf 93' lang='lat' dir='ltr'>et</span> <span class='ocrx_word' id='word_1_771' title='bbox 1662 2814 1799 2849; x_wconf 79' lang='lat' dir='ltr'>gentibus</span> <span class='ocrx_word' id='word_1_772' title='bbox 1821 2814 1912 2848; x_wconf 87' lang='lat' dir='ltr'>ipsius</span> <span class='ocrx_word' id='word_1_773' title='bbox 1936 2820 2048 2838; x_wconf 85' lang='lat' dir='ltr'>camere</span> <span class='ocrx_word' id='word_1_774' title='bbox 2070 2811 2254 2846; x_wconf 85' lang='lat' dir='ltr'>presentibus</span> <span class='ocrx_word' id='word_1_775' title='bbox 2274 2815 2302 2837; x_wconf 91' lang='lat' dir='ltr'>et</span> 
     </span>
     <span class='ocr_line' id='line_1_101' title="bbox 1328 2859 2301 2899; baseline -0.009 -6"><span class='ocrx_word' id='word_1_776' title='bbox 1328 2866 1432 2893; x_wconf 86' lang='lat' dir='ltr'>suturis</span> <span class='ocrx_word' id='word_1_777' title='bbox 1447 2870 1475 2892; x_wconf 85' lang='lat' dir='ltr'>et</span> <span class='ocrx_word' id='word_1_778' title='bbox 1491 2866 1552 2891; x_wconf 82' lang='lat' dir='ltr'>aliis</span> <span class='ocrx_word' id='word_1_779' title='bbox 1569 2871 1809 2899; x_wconf 85' lang='lat' dir='ltr'>quorumcunque</span> <span class='ocrx_word' id='word_1_780' title='bbox 1826 2863 1967 2888; x_wconf 87' lang='lat' dir='ltr'>interesse</span> <span class='ocrx_word' id='word_1_781' title='bbox 1985 2864 2098 2895; x_wconf 81' lang='lat' dir='ltr'>posset,</span> <span class='ocrx_word' id='word_1_782' title='bbox 2115 2860 2252 2894; x_wconf 84' lang='lat' dir='ltr'>quatinus</span> <span class='ocrx_word' id='word_1_783' title='bbox 2267 2859 2301 2885; x_wconf 89' lang='lat' dir='ltr'>ad</span> 
     </span>
     <span class='ocr_line' id='line_1_102' title="bbox 1328 2908 2303 2948; baseline -0.008 -7"><span class='ocrx_word' id='word_1_784' title='bbox 1328 2923 1441 2941; x_wconf 90' lang='lat' dir='ltr'>omnem</span> <span class='ocrx_word' id='word_1_785' title='bbox 1459 2914 1498 2940; x_wconf 78' lang='lat' dir='ltr'>tui</span> <span class='ocrx_word' id='word_1_786' title='bbox 1517 2912 1734 2948; x_wconf 82' lang='lat' dir='ltr'>requisitionem</span> <span class='ocrx_word' id='word_1_787' title='bbox 1753 2919 1821 2937; x_wconf 80' lang='lat' dir='ltr'>casu</span> <span class='ocrx_word' id='word_1_788' title='bbox 1847 2910 1974 2944; x_wconf 85' lang='lat' dir='ltr'>predicto</span> <span class='ocrx_word' id='word_1_789' title='bbox 1992 2910 2082 2943; x_wconf 87' lang='lat' dir='ltr'>ipsam</span> <span class='ocrx_word' id='word_1_790' title='bbox 2101 2908 2151 2934; x_wconf 88' lang='lat' dir='ltr'>tibi</span> <span class='ocrx_word' id='word_1_791' title='bbox 2168 2908 2211 2933; x_wconf 91' lang='lat' dir='ltr'>vel</span> <span class='ocrx_word' id='word_1_792' title='bbox 2228 2908 2303 2934; x_wconf 88' lang='lat' dir='ltr'>natis</span> 
     </span>
    </p>
   </div>
   <div class='ocr_carea' id='block_1_8' title="bbox 202 2960 1208 3043">
    <p class='ocr_par' dir='ltr' id='par_1_10' title="bbox 202 2960 1208 3043">
     <span class='ocr_line' id='line_1_103' title="bbox 203 2960 1208 3000; baseline 0.008 -15"><span class='ocrx_word' id='word_1_793' title='bbox 203 2960 251 2985; x_wconf 85' lang='lat' dir='ltr'>fies</span> <span class='ocrx_word' id='word_1_794' title='bbox 264 2961 277 2985; x_wconf 72' lang='lat' dir='ltr'>a</span> <span class='ocrx_word' id='word_1_795' title='bbox 294 2960 419 2986; x_wconf 84' lang='lat' dir='ltr'>Antoine</span> <span class='ocrx_word' id='word_1_796' title='bbox 432 2961 568 2993; x_wconf 75' lang='lat' dir='ltr'>Colonna,</span> <span class='ocrx_word' id='word_1_797' title='bbox 583 2964 679 2997; x_wconf 85' lang='lat' dir='ltr'>prince</span> <span class='ocrx_word' id='word_1_798' title='bbox 696 2964 730 2990; x_wconf 91' lang='lat' dir='ltr'>de</span> <span class='ocrx_word' id='word_1_799' title='bbox 748 2965 878 2998; x_wconf 69' lang='lat' dir='ltr'>Salei-ne,</span> <span class='ocrx_word' id='word_1_800' title='bbox 891 2965 1011 2992; x_wconf 84' lang='lat' dir='ltr'>Soriano</span> <span class='ocrx_word' id='word_1_801' title='bbox 1026 2966 1072 2998; x_wconf 74' lang='lat' dir='ltr'>ldu</span> <span class='ocrx_word' id='word_1_802' title='bbox 1086 2966 1208 3000; x_wconf 88' lang='lat' dir='ltr'>Cimino)</span> 
     </span>
     <span class='ocr_line' id='line_1_104' title="bbox 202 3009 518 3043; baseline 0.009 -10"><span class='ocrx_word' id='word_1_803' title='bbox 202 3013 230 3034; x_wconf 72' lang='lat' dir='ltr'>etv</span> <span class='ocrx_word' id='word_1_804' title='bbox 246 3017 292 3034; x_wconf 86' lang='lat' dir='ltr'>scs</span> <span class='ocrx_word' id='word_1_805' title='bbox 308 3009 518 3043; x_wconf 79' lang='lat' dir='ltr'>dependauces.</span> 
     </span>
    </p>
   </div>
   <div class='ocr_carea' id='block_1_9' title="bbox 1328 2956 2302 3047">
    <p class='ocr_par' dir='ltr' id='par_1_11' title="bbox 1328 2956 2302 3047">
     <span class='ocr_line' id='line_1_105' title="bbox 1329 2956 2302 2998; baseline -0.009 -8"><span class='ocrx_word' id='word_1_806' title='bbox 1329 2963 1464 2998; x_wconf 87' lang='lat' dir='ltr'>predictis</span> <span class='ocrx_word' id='word_1_807' title='bbox 1477 2962 1626 2997; x_wconf 87' lang='lat' dir='ltr'>pecuniam</span> <span class='ocrx_word' id='word_1_808' title='bbox 1641 2961 1794 2986; x_wconf 85' lang='lat' dir='ltr'>restituant</span> <span class='ocrx_word' id='word_1_809' title='bbox 1807 2967 1872 2985; x_wconf 89' lang='lat' dir='ltr'>cum</span> <span class='ocrx_word' id='word_1_810' title='bbox 1886 2957 1999 2984; x_wconf 82' lang='lat' dir='ltr'>effectu.</span> <span class='ocrx_word' id='word_1_811' title='bbox 2015 2956 2057 2982; x_wconf 90' lang='lat' dir='ltr'>De</span> <span class='ocrx_word' id='word_1_812' title='bbox 2068 2956 2212 2982; x_wconf 81' lang='lat' dir='ltr'>fructibus</span> <span class='ocrx_word' id='word_1_813' title='bbox 2228 2964 2302 2990; x_wconf 83' lang='lat' dir='ltr'>quo-</span> 
     </span>
     <span class='ocr_line' id='line_1_106' title="bbox 1328 3005 2302 3047; baseline -0.008 -8"><span class='ocrx_word' id='word_1_814' title='bbox 1328 3021 1383 3047; x_wconf 88' lang='lat' dir='ltr'>que</span> <span class='ocrx_word' id='word_1_815' title='bbox 1404 3016 1432 3038; x_wconf 92' lang='lat' dir='ltr'>et</span> <span class='ocrx_word' id='word_1_816' title='bbox 1446 3011 1620 3041; x_wconf 82' lang='lat' dir='ltr'>redditibus,</span> <span class='ocrx_word' id='word_1_817' title='bbox 1641 3009 1770 3044; x_wconf 87' lang='lat' dir='ltr'>juribus,</span> <span class='ocrx_word' id='word_1_818' title='bbox 1792 3007 2010 3037; x_wconf 87' lang='lat' dir='ltr'>emolumentis,</span> <span class='ocrx_word' id='word_1_819' title='bbox 2029 3009 2056 3032; x_wconf 90' lang='lat' dir='ltr'>et</span> <span class='ocrx_word' id='word_1_820' title='bbox 2076 3005 2302 3032; x_wconf 84' lang='lat' dir='ltr'>obventionibus</span> 
     </span>
    </p>
   </div>
   <div class='ocr_carea' id='block_1_10' title="bbox 2356 0 2465 3582">
    <p class='ocr_par' dir='ltr' id='par_1_12' title="bbox 2356 0 2465 3582">
     <span class='ocr_line' id='line_1_107' title="bbox 2356 0 2465 3582; baseline 0 0"><span class='ocrx_word' id='word_1_821' title='bbox 2356 0 2465 3582; x_wconf 95' lang='lat' dir='ltr'> </span> 
     </span>
    </p>
   </div>
  </div>
 </body>
</html>
