2455 3560
617 352 665 380 1AE
692 352 832 380 LIBER
857 350 1090 380 CENSUUM
1115 350 1169 379 DE
1194 348 1380 382 [JEGiJstz
1407 354 1614 383 ROMAINE.
2130 361 2167 391 83

101 417 196 452 ipsius
212 417 301 443 libere
316 417 471 451 disponere
488 421 516 443 et
534 417 596 443 illos
613 418 639 443 in
658 417 790 452 proprios
807 424 879 443 usus
895 421 1079 447 convertere,

102 470 186 500 prout
202 466 253 492 tibi
269 471 297 492 et
322 467 396 492 natis
414 467 472 492 tuis
500 465 643 492 videbitur
665 470 692 491 et
714 465 854 500 placebit,
873 473 928 491 non
945 466 1079 491 obstante

103 515 304 550 pignoratione
328 515 454 549 predicta
476 518 504 540 et
521 515 700 549 quibuslibet
719 515 783 540 aliis
799 522 854 548 que
870 515 985 540 obstare
1007 522 1080 547 quo-

103 563 260 590 modolibet
285 563 461 590 viderentur.
492 562 526 589 Et
550 563 671 597 insuper
695 563 720 588 si
750 562 923 596 quandoque
954 561 1080 587 volueris

102 616 230 639 castrum
248 612 343 646 ipsum
361 611 443 638 alteri
460 620 495 637 ex
519 612 666 645 germanis
682 611 742 637 tuis
758 615 806 637 aut
822 611 907 636 alicui
925 610 1082 636 eorundem

103 665 170 687 nato
197 661 324 694 legitimo
354 660 500 686 dimittere
524 664 551 685 et
578 660 748 693 assignare.
771 659 942 685 anctoritate
967 658 1081 693 propria

101 709 214 743 absque
229 709 350 735 alterius
366 709 482 735 licentia
497 710 613 738 valeas;
638 712 666 734 et
686 708 732 734 ille
754 708 836 733 solus
857 712 885 733 et
906 707 932 733 in
955 706 1079 732 solidum

103 758 150 784 cui
165 757 311 784 dimiseris
332 763 360 784 et
380 757 578 791 assignaveris
603 758 669 791 jure
693 755 877 782 successorio
893 754 1031 781 succedat
1052 754 1080 780 in

101 806 217 833 feudum
233 806 342 832 eisdem
356 806 438 832 titulo
449 809 477 831 et
489 806 622 831 facultate
634 805 741 839 quibus
755 813 842 838 supra
859 803 1079 838 possidendum·

103 854 272 881 Mandantes
292 854 413 888 insuper
437 854 572 880 omnibus
592 858 620 880 et
636 853 761 887 singulis
776 852 960 883 officialibus,
975 853 1079 880 castel,

102 904 176 930 lanis
191 907 219 930 et
235 903 404 930 hominibus
424 903 492 929 dicti
513 903 600 929 castri
626 907 654 928 et
669 902 733 928 aliis
755 910 878 936 quorum
895 901 1016 927 interest
1032 905 1081 927 aut

101 953 231 980 intererit
246 952 463 986 quomodolibet
479 952 660 983 infuturum,
674 951 815 985 quatinus
826 950 936 976 dictum
954 955 1081 976 castrum

100 1009 166 1028 cum
180 1002 243 1028 suis
257 1001 344 1027 rocha
358 1006 386 1026 et
403 1000 578 1031 bominibus,
597 1000 751 1026 territoriis
767 1004 794 1025 et
809 1000 873 1025 aliis
889 998 1078 1033 supradictis,

100 1050 153 1076 tibi
170 1053 221 1076 aut
239 1049 416 1084 procuratori
435 1050 477 1075 vel
495 1050 594 1076 nuntio
609 1054 658 1075 tuo
678 1049 790 1075 realiter
806 1048 918 1074 tradant
939 1056 971 1074 ac
992 1048 1079 1073 libere

99 1099 290 1133 consignent,
309 1098 359 1124 tibi
377 1107 492 1133 quoque
508 1103 536 1124 et
552 1098 633 1124 alteri
650 1106 683 1124 ex
702 1097 840 1133 predictis
855 1098 905 1131 qui
918 1099 997 1131 justa
1016 1105 1079 1131 pre-

102 1148 229 1174 sentium
247 1151 374 1173 tenorem
397 1147 448 1173 tibi
466 1147 643 1174 successerit
664 1152 799 1181 tanquam
817 1147 950 1175 domino,
968 1151 997 1172 ut
1014 1155 1078 1180 pre-

100 1196 208 1226 fertur,
233 1200 352 1230 pareant
380 1201 408 1222 et
432 1196 591 1222 intendant.
618 1195 854 1222 Contradictores
879 1196 1024 1229 quoslibet
1049 1199 1077 1220 et

101 1244 223 1271 rebelles
239 1245 376 1278 quotiens
398 1245 557 1279 expedierit
574 1245 722 1278 temporali
739 1244 919 1270 districtione
935 1252 991 1278 qua
1007 1252 1076 1270 con-

103 1293 181 1320 venit
202 1294 406 1327 compescendi
432 1294 543 1328 plenam
571 1298 599 1320 et
624 1294 741 1320 liberam
764 1294 953 1320 concedimus
978 1293 1029 1319 tibi
1050 1297 1078 1319 et

102 1343 176 1370 natis
199 1342 258 1369 tuis
280 1347 331 1369 aut
352 1343 433 1369 alteri
451 1347 480 1368 ut
498 1343 672 1377 premittitur
693 1342 861 1368 succedenti
881 1342 981 1368 harum
1002 1342 1077 1368 serie

101 1391 277 1418 facultatem.
297 1391 340 1418 Tu
362 1392 468 1426 itaque,
495 1392 533 1417 fili
558 1391 678 1422 dilecte,
706 1391 820 1423 virtuti,
849 1396 878 1417 ut
908 1400 1076 1426 speramus,

102 1441 234 1471 intende,
260 1444 291 1466 ut
313 1440 348 1466 de
370 1444 397 1466 te
420 1441 532 1466 fructus
557 1440 662 1475 sperati
686 1441 856 1474 proveniant
875 1444 903 1466 et
925 1448 977 1466 nos
998 1444 1076 1466 tuam

100 1490 222 1516 letemur
243 1490 402 1516 honorasse
425 1497 588 1524 personam.
613 1489 756 1516 Volumus
778 1494 872 1515 autem
897 1489 972 1524 quod
996 1494 1076 1516 ante-

99 1547 185 1573 quam
209 1539 426 1573 possessionem
449 1538 517 1564 dicti
536 1539 622 1564 castri
643 1538 780 1572 recipias,
803 1538 830 1564 in
854 1538 986 1564 manibus
1008 1546 1076 1564 nos-

100 1588 153 1614 tris
175 1595 224 1622 per
241 1590 268 1613 te
287 1587 329 1613 vel
350 1591 564 1621 procuratorem
585 1591 666 1613 tuum
688 1587 722 1613 ad
746 1587 823 1613 hune
844 1591 939 1613 actum
961 1588 1076 1622 specia-

100 1636 166 1662 liter
188 1636 380 1662 constitutum
408 1636 553 1662 fidelitatis
573 1636 670 1662 debite
695 1640 808 1671 prestes
831 1636 858 1662 in
880 1637 971 1662 forma
992 1637 1076 1663 solita

96 1686 305 1719 juramentum.
336 1683 414 1711 Nulli
444 1693 513 1719 ergo
542 1685 660 1711 omnino
691 1685 840 1711 hominum
866 1691 922 1711 etc.
954 1685 983 1711 si
1009 1686 1075 1720 quis

99 1738 194 1760 autem
225 1737 279 1760 etc.
312 1733 418 1760 Datum
449 1734 560 1765 Rome,
591 1734 666 1768 apud
698 1733 728 1760 S.
765 1733 883 1760 Mariam
915 1734 1053 1769 Majorem
1066 1755 1073 1766 ‚

102 1781 154 1808 Vll
171 1782 225 1808 kal.
243 1782 403 1813 decembr.,
421 1783 606 1817 pontificatus
624 1783 714 1808 nostri
730 1791 805 1809 anno
820 1787 932 1810 octavo.

136 1830 236 1857 Gratis
255 1830 290 1857 de
313 1831 445 1857 mandato
461 1831 570 1857 domini
588 1833 678 1857 nostri
703 1840 784 1866 pape.
800 1832 836 1858 A.
854 1832 888 1857 de
910 1831 1073 1859 Ferentino.

98 1879 265 1914 Registrata
281 1879 316 1905 de
334 1879 467 1906 mandato
489 1888 552 1906 meo
575 1888 626 1914 per
649 1881 799 1914 providum
818 1881 909 1907 virum
931 1880 1072 1907 Jacobum

97 1929 124 1954 d.
145 1928 264 1955 Antonii
284 1928 362 1955 Curii
383 1929 417 1955 de
432 1929 543 1960 «Ianua,
561 1938 596 1955 ex
618 1929 750 1956 mandato
771 1930 948 1956 sanctissimi
965 1930 1073 1956 domini

100 1978 189 2003 nostri
216 1977 322 2003 domini
348 1977 460 2004 Martini
481 1978 578 2004 divina
602 1978 781 2012 providentia
807 1988 877 2013 pape
900 1979 935 2009 V,
957 1980 1073 2006 oraculo

98 2027 163 2052 vive
184 2027 264 2052 vocis
286 2027 373 2053 michi
390 2027 483 2058 factm
502 2032 529 2053 et
549 2027 730 2054 collationata
752 2036 802 2062 per
818 2037 862 2054 me
884 2027 1071 2054 Benedictum

97 2074 132 2100 de
159 2074 354 2101 Ghuidalottis
377 2076 412 2101 de
435 2076 554 2102 Perusia
579 2077 606 2102 in
632 2078 838 2103 camerariatus
863 2077 954 2103 officio
978 2077 1072 2103 locum

98 2128 242 2150 tenentem
265 2124 300 2149 ab
323 2124 423 2150 eodem
440 2125 625 2151 sanctissimo
645 2125 762 2151 domino
788 2130 886 2151 nostro
908 2126 1072 2159 specialiter

97 2171 281 2206 deputatum,
303 2172 331 2198 in
355 2174 499 2207 presentia
524 2174 727 2200 venerabilium
745 2175 870 2200 virorum
888 2175 1070 2201 dominorum

97 2220 242 2247 Dominici
261 2220 297 2247 de
317 2221 496 2255 Capranicba
512 2222 692 2249 decretorum
712 2223 838 2249 doctoris
858 2229 885 2249 et
908 2223 1015 2250 Nicolai
1037 2225 1071 2250 de

97 2269 123 2295 la
150 2269 228 2296 Valle
253 2278 368 2296 camere
392 2271 549 2305 apostolice
571 2272 753 2298 clericorum.
779 2272 823 2298 Ad
846 2281 968 2306 quorum
986 2273 1070 2299 fidem

97 2326 142 2344 me
159 2320 273 2353 propria
295 2327 379 2345 manu
397 2320 576 2354 subscripsi,
594 2325 621 2346 et
640 2321 761 2355 predicti
777 2322 862 2347 etiam
880 2322 907 2347 in
926 2323 1071 2355 presentia

98 2375 161 2392 mea
183 2367 308 2401 propriis
330 2369 464 2394 manibus
489 2377 521 2394 se
543 2369 783 2404 subscripserunt
804 2378 962 2404 eorumque
987 2372 1071 2405 signa

96 2421 294 2449 apposuerunt
309 2421 460 2443 consueta.
481 2417 559 2443 Idem
582 2417 758 2444 Benedictus
775 2427 859 2445 manu
879 2419 992 2453 propria
1013 2424 1068 2446 etc.

134 2463 194 2498 Ego
214 2464 386 2492 Dominieus
409 2466 443 2492 de
465 2466 622 2501 Crapanica
640 2467 797 2501 apostolice
819 2476 932 2494 camere
947 2468 1070 2495 clericus

97 2513 315 2547 suprascriptus
345 2515 480 2540 omnibus
517 2515 654 2549 predictis
679 2515 793 2541 interfui
824 2520 852 2542 et
884 2524 928 2542 me
956 2518 1070 2551 propria

98 2568 183 2587 manu
199 2562 366 2597 subscripxi
383 2563 558 2597 signumque
575 2572 669 2590 meum
687 2565 808 2599 apposui
824 2570 1007 2591 consuetum.

131 2609 192 2644 Ego
209 2610 348 2638 Nicotaus
363 2612 397 2637 de
417 2612 506 2645 Valle,
525 2613 682 2647 apostolice
698 2622 810 2640 camere
826 2615 950 2640 clericus
967 2623 1069 2649 supra-

98 2663 227 2693 scriptus
257 2660 394 2694 predictis
414 2662 550 2687 omnibus
573 2662 690 2688 interfui
719 2667 747 2688 et
771 2671 815 2688 me
847 2664 959 2697 propria
983 2672 1068 2689 manu

97 2708 263 2743 subscripxi
279 2710 456 2743 signumque
473 2719 568 2736 meum
585 2712 706 2745 apposui
723 2716 906 2737 consuetum.

549 2793 589 2818 ll.

1199 425 1313 444 summo
1330 420 1468 452 pontifici,
1486 428 1538 445 nos
1554 420 1760 451 Sigismundus
1779 422 1971 449 Romanorum
1985 433 2033 451 rex
2052 434 2168 460 semper

1197 471 1351 500 augustus,
1369 475 1401 493 ac
1418 467 1555 499 Unam-ie,
1578 468 1724 500 Bobemie,
1744 469 1895 501 Dalmatio,
1913 471 2024 499 Croatie
2037 478 2092 499 etc.
2107 483 2166 506 rex,

1197 520 1342 540 annuente
1360 514 1482 541 [lomino
1499 516 1613 542 futurus
1631 518 1794 551 imperator,
1814 520 1927 545 nomine
1945 526 2040 547 vestro
2061 530 2093 547 ac
2112 521 2165 548 Ec-

1197 563 1284 589 clesie
1302 565 1416 590 nominc
1433 565 1597 598 recipienti.
1616 567 1809 600 promittimus
1825 573 1852 593 et
1870 571 2065 596 sacrosanctis
2082 571 2166 597 tactis

1196 612 1354 645 evangeliis
1367 613 1532 645 juramento
1549 614 1696 640 firmamus
1711 615 1786 648 quod
1804 615 1960 642 Ecclesiam
1977 622 2004 643 et
2022 618 2104 644 fidem
2117 627 2165 644 ca-

1198 660 1332 686 tholicam
1347 669 1416 694 pura
1429 661 1482 686 fide
1495 663 1618 696 totisque
1632 663 1740 689 viribus
1752 666 1989 691 conservabimus
2002 672 2166 692 reverenter

1197 717 1230 735 ac
1246 710 1331 735 etiam
1351 709 1552 740 defendemus,
1570 719 1742 744 omnemque
1755 713 1895 742 heresim,
1913 714 2019 740 scisma
2038 719 2065 740 et
2085 715 2166 741 licre-

1198 758 1271 784 ticos
1287 758 1444 791 quoslibet.
1461 758 1601 789 fautores,
1619 765 1812 792 receptatores
1834 766 1862 787 et
1882 762 2050 788 defensores
2066 771 2164 789 eorum

1199 806 1456 832 exterminabimus
1473 815 1522 840 pro
1536 816 1629 841 posse,
1643 817 1675 834 ac
1693 817 1837 843 nunquam
1855 818 1920 836 cum
1938 811 2101 839 Saracenis.
2117 821 2165 846 pa-

1198 863 1283 888 gano,
1299 855 1465 881 scismatico
1481 864 1532 881 seu
1549 856 1602 881 alio
1623 857 1749 889 quolibet
1769 860 2001 884 communionem
2024 861 2164 886 catholice

1199 903 1264 929 fidei
1278 912 1331 929 non
1346 904 1466 929 habente
1479 909 1527 929 aut
1542 912 1605 930 cum
1618 905 1712 938 aliquo
1722 906 1776 931 alio
1789 906 1896 939 prefate
1909 907 2036 934 Ecclesie
2050 909 2165 934 inimico

1199 952 1240 977 vel
1259 952 1353 977 rebelli
1373 960 1423 978 seu
1443 952 1536 978 eidem
1555 953 1703 978 manifeste
1723 959 1860 987 suspecto
1886 956 2017 981 unionem
2043 957 2165 990 quamli-

1198 1001 1253 1030 bet,
1274 1001 1446 1034 parentelam
1460 1005 1509 1026 aut
1523 1001 1782 1027 confederationem
1802 1003 1939 1033 iniemus;
1957 1004 2006 1029 sed
2026 1009 2080 1030 tam
2099 1013 2165 1030 ves-

1197 1053 1268 1074 tram
1285 1057 1369 1082 quam
1393 1057 1597 1075 successorum
1622 1055 1780 1075 vestrorum
1806 1059 1959 1084 personas,
1985 1053 2120 1078 bonorem
2139 1058 2165 1079 et

1197 1102 1302 1123 statum
1324 1098 1576 1124 manutenebimus
1599 1102 1626 1123 et
1645 1098 1833 1124 defendemus
1855 1108 1887 1125 ac
1906 1100 1990 1126 etiam
2008 1109 2164 1127 conserva-

1198 1146 1293 1172 bimus
1309 1150 1407 1172 contra
1424 1154 1524 1172 omnes
1539 1147 1670 1172 homines
1685 1148 1887 1181 cujuscunque
1899 1149 2024 1174 existant
2044 1151 2166 1182 preemi-

1197 1195 1310 1226 nentie⁷
1337 1195 1486 1228 dignitatis
1507 1199 1555 1221 aut
1577 1200 1680 1221 status.
1708 1195 1768 1221 Hoc
1791 1196 1874 1221 etiam
1895 1197 2065 1229 adjicientes
2086 1198 2166 1231 jura-

1197 1248 1292 1269 mento
1320 1243 1396 1277 quod
1428 1252 1480 1269 nos
1510 1243 1762 1269 manutenebimus
1787 1253 1901 1277 semper
1925 1254 1957 1270 ac
1983 1246 2165 1272 servabimus

1196 1292 1344 1326 privilegia
1366 1293 1461 1318 omnia
1487 1300 1537 1326 per
1562 1292 1783 1325 predecessores
1808 1298 1921 1318 nostros
1948 1302 2030 1327 reges
2053 1302 2085 1319 ac
2108 1295 2161 1320 im-

1195 1347 1342 1376 peratores
1369 1340 1516 1367 Romanos
1538 1340 1667 1367 Romane
1690 1341 1813 1367 ecclesie
1839 1345 1866 1366 et
1890 1341 1954 1367 aliis
1984 1342 2162 1375 quibuslibet

1195 1389 1330 1416 ecclesiis
1354 1397 1528 1423 quocunque
1549 1397 1689 1415 concessa
1714 1394 1841 1423 tempore
1863 1393 1891 1415 et
1914 1390 2089 1416 continentie
2111 1399 2162 1415 cu-

1190 1439 1373 1472 juscunque,
1413 1439 1534 1472 ipsaque
1569 1439 1665 1464 omnia
1699 1443 1727 1464 et
1761 1438 1926 1472 specialiter
1959 1447 1991 1464 ac
2027 1439 2162 1473 precipue

1194 1487 1322 1521 preclare
1357 1487 1495 1512 memorie
1530 1486 1770 1514 Constantinum.
1800 1486 1954 1517 Karolum,
1988 1486 2162 1514 Heni-icum.

1193 1535 1327 1562 Ottonem
1351 1539 1496 1569 quartum,
1519 1534 1689 1561 Federicum
1713 1535 1874 1561 secundum
1898 1539 1983 1569 atque
2010 1535 2164 1561 Rodult’um

1193 1584 1416 1619 predecessores
1440 1588 1570 1617 nostros,
1596 1584 1746 1618 presertim
1773 1592 1862 1618 super
1886 1583 2090 1615 concessione,
2118 1593 2163 1610 re-

1193 1633 1376 1666 cognitione,
1402 1632 1605 1665 advocatione‚
1626 1633 1802 1666 quietatione
1827 1636 1855 1658 et
1879 1632 1967 1658 libera
1989 1633 2159 1658 dimissione

1193 1685 1332 1707 terrarum
1357 1685 1386 1707 et
1408 1680 1614 1715 provintiarum
1640 1681 1770 1707 Romane
1792 1681 1915 1707 ecclesie
1942 1681 2061 1707 ubilibet
2084 1682 2162 1715 posi-

1192 1733 1285 1755 tarum
1310 1728 1371 1755 sedi
1393 1729 1550 1763 apostolice
1576 1729 1772 1762 Romanisque
1802 1728 1990 1755 Pontificibus
2013 1730 2068 1755 sub
2090 1738 2163 1763 quo-

1191 1785 1306 1812 cunque
1328 1782 1426 1804 tenore
1449 1786 1590 1804 concessa
1613 1778 1868 1811 recognoscimus,
1890 1778 2111 1809 confirmamus,
2135 1783 2162 1803 et

1193 1834 1227 1852 ex
1251 1831 1329 1852 certa
1351 1826 1473 1853 scientia
1494 1826 1684 1858 innovamus,
1707 1834 1740 1852 ac
1761 1826 1846 1851 etiam
1872 1825 1907 1851 de
1932 1834 2004 1851 novo
2026 1826 2163 1851 concedi-

1193 1883 1268 1902 mus.
1286 1874 1321 1900 Et
1337 1879 1428 1900 terras
1443 1875 1522 1908 ipsas
1540 1883 1573 1900 ae
1595 1874 1751 1908 provintias
1768 1874 2009 1908 recognoscimus
2025 1874 2058 1899 ad
2073 1875 2122 1908 jus
2136 1879 2165 1900 et

1192 1924 1395 1958 proprietatem
1422 1924 1515 1958 ipsius
1538 1923 1670 1949 Ecclesie
1696 1923 1862 1957 plenissime
1888 1923 2030 1957 pertinere
2057 1931 2163 1956 easque

1192 1972 1399 1998 nichilominus
1414 1980 1448 1998 ex
1466 1971 1643 1998 habundanti
1659 1971 1695 1997 de
1712 1979 1785 1997 novo
1802 1971 1932 1997 Ecclesie
1951 1971 2057 2005 prefate
2073 1971 2163 1996 dona-

1191 2029 1266 2053 mus,
1284 2021 1338 2046 sub
1355 2021 1485 2055 predicto
1502 2028 1554 2046 nos
1569 2020 1730 2054 obligantes
1743 2021 1918 2054 juramento,
1933 2019 2008 2054 quod
2026 2020 2104 2053 ipsas
2120 2021 2162 2045 vel

1190 2070 1313 2103 aliquam
1335 2073 1443 2104 partem
1469 2070 1595 2103 ipsarum
1621 2069 1697 2094 nullo
1719 2077 1843 2102 unquam
1863 2073 1990 2102 tempore
2007 2069 2164 2101 occupabi-

1191 2126 1255 2144 mus
1268 2126 1318 2143 seu
1334 2122 1472 2152 quantum
1489 2119 1516 2144 in
1536 2118 1618 2143 nobis
1634 2117 1688 2143 erit
1700 2118 1900 2151 permittemus
1911 2118 1944 2142 ab
1956 2117 2012 2142 alio
2026 2117 2162 2151 occupari

1191 2175 1244 2193 nec
1260 2167 1287 2193 in
1304 2168 1347 2193 eis
1361 2171 1410 2193 aut
1426 2167 1518 2200 aliqua
1532 2171 1610 2201 parte
1625 2167 1750 2200 ipsarum
1762 2167 1828 2199 jura
1841 2166 1944 2199 aliqua,
1959 2166 2162 2199 possessiones

1189 2220 1237 2242 aut
1265 2220 1381 2242 tenutas
1406 2215 1575 2241 habebimus
1604 2222 1656 2240 seu
1686 2214 1902 2248 quomodolibet
1927 2214 2162 2246 possidebimus,

1190 2272 1242 2291 nec
1263 2265 1349 2290 ineis
1368 2265 1524 2298 potestarie
1544 2271 1595 2288 seu
1617 2263 1749 2296 cujusvis
1771 2262 1945 2296 capitane1·ie
1968 2262 2086 2288 offitium
2110 2266 2160 2287 aut

1186 2313 1419 2347 jurisdictionem
1448 2320 1650 2345 quamcunque
1674 2319 1723 2345 per
1749 2319 1801 2336 nos
1829 2311 1871 2336 vel
1899 2310 1986 2336 alium
2012 2310 2161 2336 exercebi-

1188 2370 1268 2392 mus,
1291 2361 1426 2395 quodque
1444 2366 1473 2386 ut
1491 2362 1625 2394 princeps
1640 2360 1800 2386 catholicus
1820 2364 1847 2385 et
1868 2359 2016 2392 sepedicte
2032 2358 2161 2385 Ecclesie

1189 2410 1347 2436 advocatus
1363 2413 1448 2443 atque
1464 2409 1599 2435 defensor
1615 2409 1706 2442 ipsam
1718 2407 1904 2441 juvabimus,
1921 2412 1949 2433 et
1969 2407 2117 2433 consiliis¹
2135 2412 2162 2432 et

1188 2458 1303 2484 auxiliis
1319 2458 1357 2484 illi
1374 2459 1546 2483 assistemus
1562 2457 1714 2490 oportunis
1734 2461 1833 2482 contra
1853 2464 2044 2489 quoscunque
2060 2455 2161 2481 inobe-

1188 2507 1300 2532 dientes
1323 2511 1352 2532 et
1376 2506 1496 2531 rebelles
1519 2504 1630 2536 eidem,
1655 2509 1682 2531 et
1706 2506 1842 2539 precipue
1865 2508 1964 2530 contra
1983 2509 2161 2538 occupantes

1188 2564 1238 2582 seu
1266 2555 1415 2581 turbantes
1443 2559 1534 2580 terras
1560 2554 1703 2588 predictas
1727 2561 1779 2579 seu
1806 2553 1963 2587 provintias
1986 2552 2028 2578 vel
2051 2557 2158 2586 partem

1187 2604 1344 2638 quamlibet
1359 2603 1526 2629 earundem.
1552 2602 1612 2628 Sub
1636 2602 1735 2627 eodem
1761 2602 1845 2627 etiam
1871 2601 2161 2635 promittimusjura—

1189 2659 1285 2679 mento
1299 2652 1375 2686 quod
1391 2657 1446 2678 tam
1468 2652 1559 2686 ipsam
1580 2651 1738 2677 Romanam
1759 2658 1844 2684 quam
1866 2651 1936 2676 alias
1952 2650 2107 2681 ecclesias,
2124 2650 2159 2675 li-

1188 2702 1326 2728 bertatem
1343 2701 1569 2727 ecclesiasticam
1581 2721 1588 2733 ‚
1607 2700 1680 2726 bona
1692 2721 1698 2731 ‚
1718 2701 1802 2733 jura,
1825 2699 1948 2734 prelatos
1964 2703 1992 2724 et
2013 2699 2160 2725 ministros

134 2875 146 2887 ‹-
173 2864 280 2892 vobjs1
304 2868 492 2894 sanctissimo
515 2869 631 2895 domino
657 2869 786 2903 Eugemo
813 2879 884 2905 pape
909 2877 1012 2905 quarm
1037 2881 1069 2898 ac
1153 2859 1231 2880 ment
1247 2854 1281 2879 de
1296 2855 1466 2887 l'empereur
1483 2851 1659 2885 Sigismond,
1678 2860 1712 2877 au
1731 2856 1856 2877 moment
1873 2851 1907 2876 de
1925 2859 1976 2876 son
1993 2859 2159 2876 eouronne-

1152 2907 1230 2929 ment
1246 2901 1384 2936 imperial.
1403 2901 1556 2935 Fragment
1572 2898 1657 2925 d’une
1673 2901 1771 2925 charte
1789 2899 1934 2933 imperiale
1948 2899 2018 2924 dont
2033 2900 2056 2924 le
2070 2899 2159 2924 debut

1151 2961 1166 2978 a
1182 2954 1227 2978 ete
1243 2952 1328 2977 omis.

102 2992 125 3018 i.
140 2992 248 3024 Rome,
269 2994 300 3021 31
319 2996 374 3021 mai
394 2996 469 3023 1433.
487 3011 518 3015 —
536 2996 834 3030 Boinner-Altnm1m,
852 2998 932 3026 9427.
948 3014 984 3019 —
999 3000 1066 3026 Ser·
1190 3002 1212 3027 1.
1231 3000 1294 3028 eod.
1311 2999 1454 3026 conciliis.
