2455 3560
626 336 675 364 LE
699 335 843 365 [ABER
866 333 1099 365 CENSUUM
1125 333 1176 362 DE
1202 324 1385 362 L‘EGLISE
1410 334 1616 363 ROMAINE.
2124 333 2158 365 61

115 401 157 428 sis
179 402 369 436 septembris,
398 402 579 436 pontificatus
604 401 781 427 sanctissimi
809 402 898 436 patris
922 405 949 427 et
973 400 1081 426 domini

116 450 207 476 nostri
228 450 336 477 domini
359 450 502 477 ι1011311013
526 458 597 485 pape
619 449 706 476 XXII
729 459 804 476 anno
830 450 911 480 XVI,
939 450 1081 476 Placentie

115 499 143 524 in
174 499 279 533 palatio
309 499 494 531 Communis,
520 507 615 526 coram
648 499 812 525 reverendis
838 500 864 525 in
890 499 1004 525 Christo
1030 507 1080 533 pa—

116 548 208 574 tribus
224 548 348 574 dominis
362 549 447 575 fratre
464 548 597 583 Ayeardo
616 548 666 574 Dei
682 548 774 582 gratia
789 548 1005 582 archiepiscopo
1021 547 1083 573 Me-

115 597 286 631 diolanensi,
304 597 450 623 Beruardo
476 597 525 623 Dei
549 598 638 631 gratia
660 598 796 632 episcopo
814 597 996 627 Placentino,
1016 597 1082 623 Ste-

117 646 210 680 phano
226 647 318 672 sancti
335 646 447 677 savini,
464 647 573 673 Tboma
588 647 682 673 sancti
695 647 826 681 Sepulcri
844 647 1082 673 monasteriorum

115 694 191 721 dicte
207 695 332 721 civitatis
353 695 522 726 abbatibus,
548 695 663 722 Bosone
686 695 788 721 abbate
809 695 974 721 monasterii
991 695 1082 721 sancti

116 743 197 770 Pauli
212 743 247 770 de
263 744 380 770 Mezano
397 744 521 771 diocesis
538 744 715 776 Placentine,
729 745 844 771 domino
863 744 946 770 Petro
963 744 996 769 de
1013 743 1083 770 Cas-

115 794 176 824 tris,
196 793 353 828 jurispcrto
372 794 406 819 de
429 793 573 825 Nerbona,
598 794 714 820 domino
736 794 862 820 Arnaldo
883 794 917 819 de
941 793 1081 819 Visibono

115 842 220 874 milite,
245 842 337 868 Iocum
365 846 481 868 tenente
506 843 664 869 marescalli
688 851 739 877 pro
763 847 861 869 sancta
884 842 1013 868 Romana
1031 850 1081 868 ec-

114 892 202 918 clesia
228 892 254 918 in
278 891 353 917 dicta
375 892 491 918 civitate
517 891 695 923 Placentina,
721 892 845 918 dominis
866 891 1023 918 Guillermo
1048 891 1082 917 de

114 939 269 973 0311111110,
287 939 488 967 Bai-tholomeo
505 940 540 966 de
557 940 732 972 Prevedino,
754 940 921 966 Benencasa
944 939 1080 973 Marcelli,

114 989 265 1023 Paganello
281 992 309 1015 et
323 989 451 1015 Antonio
468 989 502 1015 de
521 988 695 1023 Peregrinis,
713 987 851 1015 Obertino
867 987 901 1014 de
918 987 1079 1022 Prodomis‚

114 1038 249 1064 omnibus
265 1037 299 1064 de
317 1037 425 1064 Mutina
437 1037 628 1072 jurisperitis,
645 1041 673 1064 et
689 1037 845 1064 Bonamico
857 1037 891 1063 de
905 1036 1078 1068 Bonamicis,

114 1086 239 1113 Venerio
260 1087 294 1113 de
320 1086 454 1113 Veneriis
474 1091 502 1113 et
527 1086 623 1113 Marco
649 1086 683 1112 de
707 1086 861 1118 Albitinis,
887 1086 1021 1112 omnibus
1046 1086 1080 1112 de

115 1135 225 1162 Mutina
249 1136 449 1162 assessoribus
469 1139 498 1162 et
521 1135 608 1162 sociis
631 1135 806 1169 infrascripti
829 1135 936 1161 domini
962 1135 1081 1161 rectoris

114 1188 142 1211 et
159 1184 256 1211 multis
276 1184 338 1211 aliis
354 1184 478 1210 testibus
495 1185 612 1219 rogatis.
635 1183 748 1210 Nobilis
763 1184 805 1210 vir
820 1183 955 1210 dominus
971 1183 1080 1210 Rodul-

114 1234 162 1260 fus
177 1233 212 1259 de
224 1233 416 1264 Trasouibus,
438 1233 538 1264 miles,
561 1236 654 1259 rector
673 1232 799 1259 civitatis
817 1232 961 1259 placentie
978 1237 1006 1259 et
1021 1232 1081 1259 dis-

115 1282 218 1309 trictus
243 1290 293 1317 pro
319 1286 418 1308 sancta
438 1282 567 1308 Romana
589 1282 722 1313 ecclesia7
747 1285 775 1308 et
798 1281 905 1308 domini
928 1281 1080 1316 Philippus

115 1331 150 1358 de
176 1331 348 1365 Presbytero
379 1331 413 1356 de
443 1330 588 1365 Fulgoriis
607 1331 813 1365 jurisperitus,
841 1331 919 1365 prior
945 1331 1081 1356 anciano-

116 1388 189 1413 rum,
213 1384 240 1406 et
263 1379 469 1413 Bonjohannes
494 1379 529 1406 de
550 1379 653 1406 Vicino
682 1380 827 1411 notarius,
854 1379 1026 1407 Franciscus
1045 1379 1080 1406 de

115 1429 258 1456 Stansorte
276 1429 415 1460 notarius,
432 1428 560 1455 «lacobus
573 1428 792 1461 vicedominus,
809 1428 933 1459 Modius,
947 1428 1079 1456 Francis-

115 1487 168 1505 cus
183 1478 331 1508 Muxinus,
346 1477 475 1504 «Iacobus
496 1478 530 1504 de
547 1477 632 1504 Porta
648 1478 786 1509 notarius,
805 1477 970 1504 Leonardus
989 1477 1081 1504 Bran-

115 1527 256 1557 chil'ortis,
268 1526 417 1552 Johannes
429 1527 462 1552 de
475 1526 598 1553 Rizardo
610 1527 748 1558 notarius,
763 1526 866 1552 Petrus
877 1527 911 1552 de
923 1526 1078 1561 Spectinis,

116 1576 242 1603 Obertus
263 1575 298 1601 de
317 1574 415 1607 Cario,
440 1574 545 1601 Petrus
562 1575 596 1601 de
612 1574 725 1601 Vidalta
741 1579 768 1601 et
786 1574 888 1601 Petrus
904 1575 938 1601 de
955 1574 1080 1602 Banchis

116 1625 295 1655 bazollellus,
313 1624 426 1650 anci-ani
447 1624 523 1650 dicte
538 1624 674 1657 civitatis,
692 1624 821 1650 fecerunt
836 1625 969 1658 generale
984 1625 1081 1651 consi-

115 1674 184 1700 lium
209 1677 237 1699 et
263 1673 479 1700 universitatem
501 1673 664 1699 communis
689 1676 716 1699 et
742 1673 889 1699 bominum
913 1673 987 1700 dicte
1009 1674 1081 1700 civi-

115 1722 184 1748 tatis
200 1730 271 1748 sono
295 1722 426 1748 tubarum
448 1729 576 1756 voceque
598 1729 752 1756 preoonum
769 1725 798 1747 et
817 1730 1019 1756 campanarum
1036 1730 1082 1749 so·

117 1771 178 1797 nitu
193 1770 261 1797 dicti
277 1771 440 1796 communis
455 1778 533 1796 more
550 1770 633 1796 solito
650 1770 676 1796 in
695 1770 797 1804 palatio
813 1770 904 1805 ipsius
920 1771 1082 1798 communis

117 1819 203 1846 simul
219 1819 374 1845 coadunari
397 1823 425 1845 et
446 1819 612 1845 solemniter
629 1820 799 1853 congregari
820 1827 870 1854 pro
891 1820 1081 1854 infrascriptis

117 1867 238 1895 sindicis
262 1867 474 1894 constituendis
495 1867 530 1893 ad
549 1867 717 1902 exequenda
736 1867 917 1903 infrascripta
937 1872 966 1894 et
987 1869 1081 1895 omnia

115 1917 169 1944 alia
188 1916 297 1943 eisdem
320 1916 484 1951 specialiter
503 1919 532 1942 et
555 1916 728 1950 generaliter
748 1916 951 1944 committenda
977 1921 1005 1944 et
1031 1926 1081 1952 pro

113 1966 305 2001 infrascriptis
321 1966 384 1992 aliis
400 1965 494 2000 ipsius
513 1965 677 1991 communis
693 1969 721 1991 et
738 1966 936 1992 universitatis
952 1967 1080 2000 negociis

115 2015 298 2051 peragendis.
320 2014 352 2040 In
368 2022 425 2048 quo
441 2013 556 2048 quidem
572 2014 693 2040 consilio
709 2018 736 2040 et
753 2014 939 2041 universitate
955 2014 1082 2049 predicta

114 2064 307 2091 iuterfuerunt
333 2063 404 2089 satis
429 2063 501 2088 ultra
526 2070 611 2096 quam
635 2061 690 2088 due
717 2066 812 2097 partes
836 2063 984 2089 hominum
1013 2063 1082 2090 dicti

114 2112 228 2140 consilii
240 2111 435 2138 universitatis
451 2110 588 2145 predicte,
605 2119 730 2145 quorum
748 2111 862 2137 nomina
878 2111 998 2138 inferius
1014 2116 1082 2139 sunt

115 2163 236 2192 inserta,
262 2163 290 2186 et
314 2160 363 2194 qui
388 2163 479 2185 totum
503 2159 612 2185 dictum
638 2159 790 2186 consilium
814 2164 840 2186 et
864 2161 1081 2187 universitatem

115 2210 189 2236 dicte
210 2209 336 2236 civitatis
357 2212 555 2242 representant
577 2212 605 2234 et
628 2212 826 2242 representare
846 2213 1079 2241 consueverunt;

115 2258 279 2292 ibidemque
300 2255 418 2290 predicti
439 2255 547 2282 domini
569 2259 671 2286 rector,
695 2256 772 2290 prior
786 2256 966 2283 antianorum
986 2261 1015 2284 et
1029 2267 1080 2284 an-

116 2307 204 2338 ciani‚
228 2307 262 2333 de
284 2313 430 2332 consensu
455 2309 482 2331 et
498 2305 645 2331 voluntate
661 2305 809 2332 hominum
831 2305 898 2332 dicti
920 2306 1034 2333 consilii
1054 2311 1082 2334 et

118 2355 315 2383 universitatis
334 2353 472 2388 jamdicte
496 2353 604 2380 ibidem
624 2358 881 2388 congregatorum,
907 2359 934 2381 et
954 2355 1011 2390 ipsi
1028 2356 1081 2382 ho-

115 2404 209 2430 mines
228 2401 264 2428 de
283 2401 358 2427 dicto
382 2400 502 2427 consilio
523 2404 551 2427 et
573 2401 762 2427 universitate
782 2401 888 2428 ibidem
909 2402 1080 2434 existentes,

114 2452 150 2478 de
165 2458 325 2481 consensu,
342 2449 474 2476 mandato
496 2452 525 2475 et
544 2449 714 2476 auctoritate
737 2449 931 2485 predictorum
947 2451 1081 2478 domino-

115 2508 179 2528 rum
195 2499 326 2530 rectoris,
341 2498 445 2533 prioris
460 2498 645 2525 ancianorum
656 2502 685 2525 et
697 2498 827 2533 ipsorum
840 2499 1036 2531 ancianorum,
1054 2504 1083 2527 et

115 2549 247 2576 similiter
262 2555 363 2574 omnes
382 2550 517 2581 tanquam
540 2547 673 2581 generale
694 2547 847 2573 consilium
865 2551 893 2573 et
909 2548 1081 2575 universitas

113 2606 147 2625 ac
162 2604 314 2624 commune
329 2595 406 2622 dicte
421 2595 546 2622 civitatis
570 2604 620 2630 pro
639 2595 745 2630 seipsis
765 2599 794 2622 et
811 2604 910 2622 eorum
927 2604 1081 2623 successo-

115 2646 197 2674 ribus
212 2645 445 2680 quibuscumque
456 2665 462 2677 ‚
480 2644 606 2671 scientes
626 2647 654 2671 et
675 2649 917 2679 recognoscentes
934 2652 966 2671 se
982 2645 1080 2672 fideles

114 2698 144 2722 et
165 2694 297 2721 subditos
320 2696 504 2720 sacrosancte
528 2693 656 2720 Romane
680 2693 802 2720 ecclesie
826 2697 855 2720 et.
879 2694 947 2721 dicti
972 2695 1080 2721 domini

116 2744 206 2771 nostri
222 2742 330 2769 domini
355 2751 426 2778 pape
449 2751 524 2775 esse,
542 2742 746 2777 civitatemque
766 2743 922 2778 predictam
939 2752 1004 2770 cum
1022 2748 1080 2771 toto

115 2792 248 2819 districtu
270 2799 324 2818 suo
347 2799 413 2818 esse
435 2795 464 2818 et
486 2791 578 2817 fuisse
597 2794 626 2817 et
645 2799 710 2818 esse
730 2791 834 2818 debere
854 2793 1033 2827 suppositam
1052 2796 1081 2820 et

115 2841 278 2869 immediate
299 2841 461 2876 subjectam
483 2840 608 2867 dominio
633 2843 661 2866 et
683 2840 816 2875 regimini
836 2841 984 2876 temporali
1005 2841 1080 2868 dicte

117 2894 216 2917 sancte
243 2889 373 2916 Romane
399 2888 536 2922 ecclesie,
558 2893 585 2915 et
607 2889 702 2924 ipsum
723 2888 881 2915 dominium
901 2892 929 2915 01
951 2889 1079 2924 regimen

116 2939 150 2966 ad
173 2939 264 2974 ipsam
285 2937 436 2964 ecclesiam
457 2937 594 2964 duntaxat
610 2937 752 2972 pertinere
767 2941 794 2964 01
814 2937 991 2972 pertinuisse
1010 2938 1080 2965 1130·

115 2991 201 3015 tenus
216 2992 244 3014 et
260 2987 435 3021 pertinuisse
451 2985 566 3018 debere,
579 2989 607 3013 et
621 2987 700 3013 cives
715 2986 791 3013 dicte
806 2986 932 3013 civitatis
947 2990 976 3013 et
989 2995 1079 3021 quos-

1199 408 1322 434 cumque
1350 400 1522 427 habitatores
1548 402 1695 428 ‹listrictus
1724 402 1853 435 ejusdem
1878 401 1952 428 dit-te
1977 406 2074 427 sancte
2101 401 2162 427 110-

1199 456 1281 474 mane
1302 449 1423 475 ecclesie
1446 451 1472 475 in
1498 455 1585 476 totum
1610 455 1637 477 et
1661 451 1821 477 immediate
1844 459 1909 477 esse
1930 456 1957 477 et
1981 451 2070 477 fuisse
2091 451 2160 476 sub-

1199 498 1274 524 ditos
1299 503 1326 525 et
1350 499 1512 532 subjectos,
1540 499 1759 534 civitatemquel
1785 500 1938 534 predictam
1965 505 1993 526 ct
2017 501 2081 533 ejus
2103 500 2159 525 dis-

1200 547 1314 573 trictum
1331 551 1358 572 et
1373 556 1572 581 quoscumnque
1595 549 1672 574 cives
1693 552 1722 574 et
1735 548 1929 575 districtuales
1947 549 2076 582 ejusdem
2095 556 2159 574 vere

1200 596 1372 622 submisisse
1393 601 1420 622 et
1448 598 1638 631 supposuisse
1660 598 1734 623 dicte
1757 602 1940 624 sacrosancte
1964 597 2092 623 Romane
2113 606 2161 624 ec-

1199 645 1285 671 clesie
1306 649 1333 670 et
1352 645 1531 678 juridictioni
1551 650 1579 671 (-1
1602 646 1772 680 protectioni
1793 646 1935 680 ejusdem,
1953 650 2025 672 etse
2043 647 2160 672 univcr-

1200 702 1260 719 sam
1278 698 1445 727 potestatem
1462 699 1490 719 et
1503 695 1717 727 juridictionem
1733 695 1808 721 dicte
1825 696 1949 721 civitatis
1965 699 1992 721 et
2012 695 2160 720 districtus

1199 743 1381 768 commisisse
1403 748 1430 767 et
1450 744 1630 769 transtulisse
1652 744 1681 769 in
1702 744 1973 770 reverendissimtun
1997 744 2022 769 in
2045 743 2159 769 Christo

1199 794 1307 825 patrem
1329 795 1357 816 et
1379 791 1525 817 dominum
1542 791 1688 818 dominum
1708 792 1882 818 Bet-nardum
1908 792 1958 818 Dei
1977 793 2066 826 gratia
2085 792 2160 818 Hos-

1200 839 1321 865 tiensem
1346 844 1374 865 et
1401 839 1613 866 Veleetrensem
1639 841 1821 875 episcopum,
1846 842 2059 875 apostolicoque
2081 842 2160 867 sedis

1200 889 1339 921 legatum,
1358 888 1541 922 recipientem
1565 890 1624 915 rice
1647 893 1675 915 et
1694 890 1806 915 nomine
1827 890 1893 916 dicti
1917 890 2025 916 demini
2045 899 2115 924 pape
2133 894 2162 916 01

1199 942 1381 964 sacrosancte
1405 937 1532 975 Romane
1552 938 1691 968 ecclesie,
1712 938 1745 964 ad
1768 947 1856 972 quos,
1874 943 1991 964 vacante
2012 938 2160 964 Romano-

1198 994 1261 1012 rum
1277 986 1396 1020 imperio
1418 991 1501 1020 prout
1520 991 1548 1012 et
1570 995 1645 1012 nunc
1668 991 1755 1018 vacat,
1774 988 1898 1021 regimen
1917 988 2028 1022 imperii
2046 996 2098 1013 uon
2116 990 2160 1013 est

1198 1034 1317 1061 dubium
1335 1035 1491 1070 pertinere,
1513 1040 1597 1069 prout
1612 1036 1664 1062 hec
1679 1040 1706 1062 et
1724 1036 1790 1069 alia,
1809 1037 1851 1063 sic
1867 1037 1909 1062 vel
1926 1037 2017 1070 aliter,
2035 1037 2098 1071 plus
2117 1037 2159 1062 vel

1199 1085 1309 1115 minus,
1332 1087 1464 1110 constare
1490 1084 1594 1110 debent
1622 1085 1745 1119 publicis
1767 1084 1962 1119 documentis,
1988 1094 2042 1112 non
2067 1086 2159 1111 inten-

1197 1132 1300 1159 dentes
1313 1133 1449 1167 predictis
1466 1134 1493 1158 in
1510 1133 1603 1167 aliquo
1619 1133 1756 1167 derogare
1770 1133 1819 1159 sed
1837 1142 1869 1159 ea
1881 1135 1976 1168 potius
1991 1134 2160 1160 confirmare

1197 1185 1225 1208 et
1239 1182 1392 1214 innovare,
1410 1182 1582 1208 unanimiter
1598 1186 1625 1208 et
1640 1181 1819 1208 concorditer
1837 1182 1981 1213 fecerunt,
1998 1183 2158 1208 constitue-

1198 1234 1265 1257 runt
1280 1235 1308 1257 et
1323 1230 1528 1257 ordinaverunt
1546 1231 1679 1257 dominos
1698 1230 1838 1257 Jacobum
1852 1231 1886 1257 de
1902 1230 2016 1257 Scrittis
2029 1232 2159 1265 jurispe-

1198 1280 1284 1306 ritum
1300 1284 1328 1306 et
1345 1280 1462 1306 militem
1475 1284 1502 1305 et
1515 1280 1655 1306 Obertum
1671 1279 1705 1305 de
1721 1279 2066 1313 Arcellisjurisperitum,
2081 1280 2160 1306 cives

1197 1329 1322 1355 civitatis
1345 1328 1486 1363 predicte,
1514 1328 1617 1354 ibidem
1643 1332 1793 1363 presentes
1817 1332 1845 1354 et
1871 1328 2035 1354 mandatum
2059 1333 2160 1362 sponte

1196 1377 1406 1412 suscipientes,
1433 1379 1561 1412 ipsorum
1586 1381 1614 1403 et
1634 1377 1703 1403 dicti
1728 1377 1891 1403 communis
1913 1381 1940 1403 et
1965 1377 2161 1403 universitatis

1197 1427 1325 1454 sindicos
1333 1431 1361 1453 et
1374 1428 1494 1453 nuncios
1507 1427 1656 1462 speciales,
1668 1431 1822 1461 utrumque
1832 1435 1930 1453 eorum
1942 1427 1969 1452 111
1981 1426 2112 1457 solidum,
2123 1427 2160 1452 ita

1196 1476 1273 1510 quod
1288 1476 1457 1510 occupantis
1474 1484 1528 1502 non
1545 1475 1582 1502 sit
1598 1475 1699 1502 melior
1714 1475 1840 1502 conditio
1855 1479 1883 1501 et
1897 1475 1973 1509 quod
1990 1483 2065 1501 unus
2081 1475 2160 1509 ipso-

1196 1533 1260 1551 rum
1282 1525 1421 1560 inceperit
1437 1525 1509 1551 alter
1526 1525 1616 1550 valeat
1633 1525 1767 1559 prosequi
1789 1528 1818 1550 et
1838 1524 1931 1554 finire,
1948 1523 2111 1558 specialiter
2126 1522 2159 1548 ad

1197 1574 1323 1602 eundum
1339 1577 1367 1600 et
1385 1582 1416 1599 se
1432 1573 1507 1599 dicto
1529 1573 1643 1600 nomine
1660 1573 1847 1607 personaliter
1869 1572 2093 1607 presentandum
2110 1580 2160 1598 co-

1197 1631 1257 1650 ram
1271 1623 1455 1649 sanctissimo
1472 1625 1550 1656 patre
1566 1621 1681 1647 domino
1697 1620 1829 1647 Johanne
1845 1629 1916 1655 papa
1928 1620 2066 1654 predicto.
2084 1624 2113 1646 et
2125 1619 2159 1646 ad

1197 1672 1330 1699 standum
1351 1675 1379 1697 et
1395 1670 1551 1706 parendum
1571 1670 1712 1696 mandatis
1732 1670 1825 1704 ipsius
1845 1669 1953 1695 domini
1970 1677 2041 1703 pape
2057 1672 2085 1695 et
2101 1668 2161 1694 Ro-

1198 1729 1280 1748 mane
1294 1721 1416 1747 ecclesie
1433 1724 1460 1746 et
1476 1728 1508 1746 se
1523 1720 1600 1746 dicto
1617 1719 1731 1746 nomine
1753 1723 1782 1745 et
1803 1719 2018 1746 universitatem
2039 1722 2067 1745 et
2081 1719 2162 1745 cives

1198 1773 1226 1796 et
1250 1769 1444 1796 districtuales
1467 1768 1543 1794 dicte
1566 1768 1691 1794 civitatis
1714 1775 1747 1794 ac
1775 1767 1919 1794 civitatem
1948 1771 1976 1793 et
1999 1767 2162 1793 districtum

1197 1818 1329 1853 ejusdem
1350 1817 1543 1852 temporaliter
1558 1816 1786 1843 submittendum
1797 1820 1826 1842 et
1836 1824 1867 1843 30
1879 1816 2042 1842 submissos
2053 1819 2081 1841 et
2092 1815 2162 1842 sub-

1195 1869 1290 1902 jectos
1312 1875 1378 1893 esse
1401 1865 1596 1893 confitendum
1612 1866 1688 1892 dicto
1704 1865 1819 1891 domino
1835 1873 1906 1899 pape
1922 1869 1950 1891 et
1965 1864 2094 1891 Romane
2111 1872 2162 1890 ec-

1198 1916 1285 1943 clesie
1302 1920 1330 1942 et
1344 1916 1481 1942 canonice
1502 1914 1727 1941 succedentibus
1743 1914 1770 1940 in
1787 1913 1897 1946 eadem,
1924 1913 2087 1939 universam
2109 1920 2162 1947 po-

1198 1968 1331 1991 testatem
1347 1968 1375 1990 et
1387 1964 1604 1998 juridictionem
1620 1963 1694 1989 dicte
1709 1963 1850 1994 civitatis,
1872 1962 1984 1988 consilii
2003 1965 2030 1988 et
2045 1961 2162 1987 univer-

1198 2015 1292 2041 sitatis
1314 2014 1443 2048 ejusdem
1474 2022 1490 2040 a
1515 2021 1546 2040 se
1570 2013 1645 2039 dicto
1670 2012 1784 2039 nomine
1806 2014 1835 2038 et.
1861 2011 1894 2038 ab
1915 2011 1978 2046 ipsa
2000 2011 2113 2037 civitate
2134 2013 2163 2036 et

1199 2063 1385 2090 universitate
1400 2061 1568 2095 abdicando,
1584 2065 1613 2088 et
1627 2069 1688 2087 eam
1704 2061 1732 2087 in
1748 2060 1843 2095 ipsum
1857 2060 2004 2086 dominum
2020 2068 2120 2094 papam
2134 2062 2162 2086 et

1198 2111 1358 2138 Romanam
1380 2111 1531 2137 ecclesiam
1553 2113 1580 2136 et
1597 2109 1786 2136 succedentes
1803 2112 1834 2135 ut
1848 2117 1935 2143 supra
1951 2108 2161 2141 universaliter,

1198 2165 1226 2187 et
1247 2163 1386 2195 perpetuo
1410 2159 1633 2186 irrevocabiliter
1654 2157 1860 2185 transferendo.
1883 2157 1919 2184 Et
1942 2157 2104 2191 specialiter
2127 2155 2162 2183 ad

1198 2208 1423 2244 promittendum
1435 2212 1461 2234 et
1473 2216 1505 2234 se
1517 2206 1700 2242 obligandum
1712 2206 1826 2232 nomine
1835 2205 1978 2232 antedicto
1989 2205 2065 2232 dicto
2077 2213 2162 2232 sanc-

1198 2258 1311 2284 tissimo
1327 2257 1399 2291 patri
1411 2256 1525 2282 domino
1541 2263 1612 2290 pape
1628 2254 1703 2281 dicto
1719 2254 1833 2281 nomine
1847 2253 1996 2288 recipienti
2013 2253 2047 2280 de
2058 2253 2160 2280 stando

1197 2310 1226 2332 et
1241 2309 1378 2341 perpetuo
1394 2304 1518 2340 parendo
1535 2303 1674 2330 mandatis
1689 2303 1782 2338 ipsius
1798 2306 1827 2329 et
1843 2302 1972 2329 Romane
1995 2302 2117 2329 ecclesie
2132 2305 2164 2329 et

1198 2354 1415 2381 succedentium
1436 2353 1630 2388 predictorum
1652 2356 1680 2379 et
1702 2351 1737 2378 de
1757 2351 1922 2386 recipiendo
1942 2354 1970 2378 et
1989 2351 2162 2386 generaliter

1198 2402 1357 2434 retinendo,
1374 2401 1505 2428 habendo
1519 2405 1548 2428 et
1564 2400 1721 2436 reputando
1736 2401 1766 2427 in
1781 2408 1866 2427 suum
1882 2408 1982 2427 verum
1998 2403 2026 2427 et
2041 2408 2163 2435 genera-

1197 2453 1252 2479 lem
1269 2455 1408 2479 rectorem
1425 2451 1504 2477 illum
1520 2454 1548 2477 et
1564 2450 1628 2477 illos
1643 2458 1728 2485 quem
1739 2453 1768 2476 et
1782 2457 1856 2484 quos
1871 2449 1933 2484 ipse
1943 2448 2078 2475 dominus
2089 2457 2162 2484 papa

1197 2501 1241 2527 vel
1256 2501 1305 2535 qui
1319 2500 1412 2527 eidem
1426 2503 1457 2526 ut
1473 2507 1560 2534 supra
1575 2498 1751 2526 successerit
1766 2498 1811 2524 vel
1825 2497 2028 2528 commisserit,
2041 2497 2161 2532 elegerit

1197 2558 1249 2576 seu
1262 2549 1372 2575 miserit
1386 2548 1414 2574 in
1431 2552 1571 2574 rectorem
1587 2550 1615 2574 et
1629 2555 1678 2582 pro
1694 2550 1805 2573 rectore
1821 2545 1946 2580 generali
1961 2545 2086 2572 civitatis
2101 2553 2162 2580 pre-

1197 2599 1271 2625 dicte
1279 2602 1306 2624 et
1315 2597 1465 2624 districtus
1475 2597 1499 2630 ej
1506 2595 1616 2630 usdem,
1625 2603 1690 2622 cum
1700 2594 1815 2626 familia,
1826 2593 2159 2628 salario,jurisdictione‚

1196 2647 1313 2674 arbitrio
1329 2654 1363 2673 30
1383 2654 1435 2680 pro
1451 2649 1578 2680 tempore
1595 2644 1688 2671 solitis
1701 2644 1746 2670 vel
1761 2643 1824 2670 aliis
1840 2642 2016 2669 ordInandis.
2033 2642 2068 2669 Et
2082 2641 2160 2677 quod

1198 2793 1223 2819 1.
1240 2791 1278 2818 Le
1296 2798 1416 2826 passage
1432 2791 1621 2822 civitatemque
1632 2789 1788 2822 predictum
1804 2801 1840 2808 —
1859 2789 2022 2821 confirmare
2037 2791 2060 2814 et
2077 2790 2160 2815 inno-

1161 2849 1225 2868 vare
1242 2843 1387 2875 (quatorze
1403 2839 1496 2873 lignes
1516 2839 1582 2873 plus
1598 2838 1659 2870 bas)
1677 2845 1800 2872 manque
1816 2839 1831 2863 a
1847 2837 1972 2863 l’edition
1994 2836 2028 2863 de
2051 2837 2160 2864 Fonta-

1162 2890 1232 2916 nini.
1249 2889 1304 2916 Les
1318 2888 1407 2915 droits
1422 2887 1459 2914 du
1476 2886 1660 2920 Saint-Si'ege
1671 2894 1722 2912 sur
1736 2885 1884 2912 Plaisance
1900 2894 1918 2920 y
1934 2889 2001 2912 sont
2017 2886 2158 2912 rattaches

1162 2941 1178 2965 3
1199 2939 1225 2965 13
1247 2945 1371 2964 vacance
1391 2936 1426 2962 de
1445 2935 1594 2969 l’Empire,
1617 2935 1760 2961 asset-tion
1781 2942 1835 2969 peu
1857 2934 2026 2960 conciliable
2042 2942 2111 2960 avec
2134 2935 2161 2960 la

1161 2987 1242 3014 these
1257 2990 1400 3013 soutenue
1416 2993 1465 3019 par
1480 2984 1611 3010 l'editeur
1626 2984 1663 3009 du
1680 2983 1846 3010 document.
