2455 3560
645 292 694 321 LE
718 292 864 322 LIBER
887 291 1122 322 CENSUUM
1148 291 1200 321 DE
1225 282 1410 320 L'F'JGLISE
1433 290 1643 321 ROMAINE.
2155 291 2192 320 75

165 357 306 385 Cat-lenus
322 358 407 385 idem.

166 406 286 433 Liliatus
301 406 388 433 idem.

166 454 325 482 Marabitus
343 455 407 482 auri
429 454 502 481 valet
524 463 604 481 xxnii
628 462 698 481 mar.
720 454 832 488 argenti
853 453 914 480 sive
936 462 942 480 ι
965 454 1105 480 florenum

129 503 226 530 minus
239 511 277 530 xii
294 503 438 529 denarios.

165 550 198 577 In
216 559 306 585 regno
324 550 432 582 Sicilie,
447 551 518 578 citra
535 550 638 577 Farum
656 551 790 581 maxime,
809 550 892 577 uncia
905 554 950 577 est
966 557 1000 576 Lx
1015 550 1106 576 carle-

131 608 235 627 norum
261 608 313 626 seu
339 600 504 628 liliatorum.
529 599 660 626 Tarenus
689 603 734 626 est
761 599 885 626 duorum
913 600 1104 626 carlenorum.

130 647 271 674 Cat-lenus
287 649 361 675 valet
381 649 481 675 decem
504 656 593 683 grana
613 652 641 674 et
659 656 780 682 granum
803 648 877 674 valet
892 655 943 673 sex
959 647 1105 674 denarios.

129 696 196 722 Alie
212 704 281 722 vero
299 697 422 731 pecunie
439 700 470 722 ut
485 695 612 722 ssorenus
630 699 658 722 et
674 695 841 729 hujusmodi
860 698 928 722 sunt
950 695 982 721 ad
1000 695 1105 729 hujus-

131 743 207 770 modi
220 744 360 778 pecunias
375 744 522 770 extimate.
535 743 642 770 Cosina
657 752 709 770 seu
723 744 812 770 salma
825 744 906 778 grani
922 747 966 769 est
983 747 1106 777 quatuor

131 792 331 819 tumuliorum.

170 840 238 866 [tem
256 841 284 866 in
303 849 391 874 regno
408 840 530 866 Castelle
551 844 579 866 et
599 840 735 874 Legionis
754 844 823 866 sunt
841 839 957 866 usuales
974 843 1104 871 monete,

131 888 266 915 videlicet
281 888 409 914 coronati
427 889 532 915 valoris
552 897 570 915 x
586 888 733 914 obolorum
745 908 753 921 ‚
770 888 854 914 solidi
875 896 923 914 vni
940 887 1105 919 obolorum,

130 936 240 963 denarii
256 945 283 963 w
301 937 467 970 obolorum,
485 938 627 971 sinquena
646 945 662 962 v
677 936 841 966 obolorum,
861 940 889 962 et
904 935 1074 962 marabitius
1090 943 1107 961 x

129 985 326 1012 denariorum.
344 984 379 1012 Et
400 994 428 1011 νι
444 985 574 1012 coronati
592 985 687 1011 valent
705 993 792 1011 unum
811 984 980 1010 mai-abitum
1002 987 1030 1010 et
1051 991 1108 1010 xxv

131 1033 264 1060 mai-abiti
288 1034 384 1060 valent
407 1033 548 1060 florenum
573 1037 601 1060 et
623 1042 701 1060 xxxii
727 1033 859 1059 marabiti
881 1033 976 1058 valent
990 1032 1107 1067 duplam

131 1081 360 1116 maroquitanam
377 1085 405 1108 et
426 1090 515 1109 xxxin
536 1082 668 1108 marabiti
689 1082 784 1108 valent
804 1081 955 1107 scudatum
979 1084 1107 1107 veterem

132 1130 322 1164 panallionem
334 1150 340 1159 .
356 1135 503 1157 mutonem
521 1131 563 1156 vel
580 1130 724 1157 catedram
735 1152 741 1163 ,
758 1135 844 1164 atque
860 1137 958 1156 xxxnii
977 1129 1106 1155 mai-abitt

132 1179 228 1204 valent
250 1178 364 1212 duplam
382 1179 567 1205 castellanam
591 1182 620 1204 et
644 1186 710 1205 xxvi
733 1178 863 1204 marabiti
879 1177 973 1203 valent
987 1185 1106 1210 agnum,

132 1231 220 1260 atque
235 1235 322 1254 xxviii
341 1227 472 1253 marabiti
490 1227 583 1253 valent
604 1227 748 1261 regalem;
766 1234 878 1252 necnon
900 1230 930 1252 et
948 1233 1006 1251 xxx
1021 1225 1107 1259 duple

132 1275 229 1301 valent
243 1280 342 1301 contra
359 1284 491 1310 magnam
507 1276 623 1310 duplam
640 1279 669 1302 et
684 1276 768 1302 latam
785 1274 1021 1300 Sarracenorum.

476 1346 560 1371 Autre
580 1345 699 1370 ecriture
720 1353 727 1369 :

168 1411 222 1439 Est
246 1413 396 1439 selendum
420 1413 495 1447 quod
517 1413 633 1439 marcha
656 1420 825 1446 grossorum
851 1412 964 1445 argenti
988 1410 1106 1436 Boemie

1225 357 1298 383 valet
1313 357 1508 383 communiter
1524 366 1607 384 xnvni
1621 366 1740 391 grossos
1752 359 1913 391 pragenses
1930 358 1972 383 vel
1990 366 2066 384 xxnu
2084 362 2191 384 scotos.

1260 405 1330 432 ltem
1346 406 1472 439 qualibet
1488 407 1603 432 marcha
1619 410 1687 432 sunt
1702 410 1825 440 quatuor
1838 406 1974 432 fertones.

1260 453 1331 479 Item
1348 461 1399 480 sex
1417 454 1491 480 scoti
1507 454 1600 480 valent
1617 463 1623 480 ι
1641 455 1791 482 fertonem.

1260 501 1330 528 Item
1351 510 1426 528 unus
1442 506 1542 528 scotus
1557 503 1630 529 valet
1647 512 1662 529 ιι
1681 511 1800 536 grossos
1816 502 1987 537 pragenses.

1259 550 1330 576 Item
1348 558 1423 576 unus
1439 558 1561 583 grossus
1578 550 1733 581 pragensis
1749 552 1822 576 valet
1839 559 1883 577 xvi
1901 551 2043 577 denarios.

1259 597 1330 624 Item
1368 602 1412 624 est.
1447 598 1596 624 sciendum
1629 599 1704 633 qnod
1746 599 1772 625 in
1812 600 1926 625 marcha
1961 600 2086 633 predicta
2125 603 2194 626 sunt.

1223 656 1269 674 xv¹
1285 647 1427 673 lothones¹

1260 696 1332 722 Item
1348 696 1425 721 lotho
1438 696 1510 721 valet
1525 704 1530 721 ι
1543 700 1654 721 scotum
1668 700 1695 722 et
1709 696 1833 722 medium
1847 696 1889 721 vel
1903 700 1960 722 tres
1972 703 2100 729 grossos.
2115 695 2192 729 quod

1224 744 1299 770 idem
1315 748 1368 770 est.

1260 792 1331 818 Item
1348 792 1466 826 quilibet
1486 792 1556 818 serto
1575 792 1646 817 valet
1664 800 1700 817 ιιιι
1718 791 1858 817 lotliones.

1261 841 1463 874 suprascripta
1483 839 1585 866 cedula
1608 840 1661 865 fuit
1681 840 1744 865 data
1765 840 1920 873 apostolice
1940 848 2051 866 camere
2073 848 2122 874 per
2142 840 2195 866 do-

1226 890 1335 915 minum
1362 888 1524 914 Johannem
1554 888 1588 913 de
1615 888 1792 922 Cabrespino
1821 888 2002 914 decretorum
2029 888 2174 914 doctorem
2187 910 2193 919 ,

1225 937 1383 972 apostolice
1413 936 1491 962 sedis
1523 937 1659 962 nuncium
1688 936 1720 961 ad
1749 941 1844 969 partes
1873 936 1988 961 polonie
2014 940 2042 961 et
2067 936 2196 969 ungarie

1226 994 1275 1020 per
1297 985 1389 1012 felicis
1413 984 1620 1011 recordationis
1643 984 1842 1010 Innocentium
1868 993 1967 1018 papam
1991 988 2104 1010 sextum
2130 984 2195 1010 des-

1225 1035 1357 1060 tinatum.

1674 1134 1714 1159 13.

1262 1249 1343 1276 Bulle
1369 1251 1398 1275 Ιη
1420 1250 1541 1282 qualibet
1563 1249 1741 1278 monarchia,
1765 1248 1802 1273 du
1830 1248 1857 1273 1-2
1879 1255 1955 1273 mars
1979 1247 2059 1277 14:31,
2083 1256 2132 1281 par
2155 1248 2199 1272 la-

1225 1298 1319 1332 quelle
1353 1297 1471 1331 Eugene
1497 1296 1537 1322 IV
1564 1297 1701 1323 confirmo
1733 1297 1774 1322 les
1801 1296 2004 1330 capitulations
2030 1296 2129 1328 jurees
2162 1304 2196 1321 au

1226 1347 1372 1373 conclave.

1261 1408 1413 1443 Raynaldi,
1431 1409 1502 1434 Αηη.
1523 1409 1632 1439 Eccles.,
1649 1408 1681 1433 ad
1699 1416 1724 1433 a*
1746 1406 1821 1435 14:31,
1838 1414 1863 1432 c.
1881 1405 1939 1431 5-7.

305 1854 627 1893 Documents
659 1852 863 1903 ajoutes
894 1852 1026 1891 dans
1057 1852 1131 1890 les
1164 1850 1339 1899 copies
1370 1849 1440 1888 du
1471 1847 1849 1887 Riccardianus
1880 1845 1995 1885 228.

540 2053 575 2084 1⁰
602 2049 717 2084 Dans
746 2049 779 2084 le
806 2049 1021 2083 manuscrit
1048 2047 1133 2083 XV
1155 2047 1178 2081 1
1208 2046 1273 2081 cles
1300 2045 1491 2080 Arclzives
1527 2043 1745 2078 Vatia-anes.

97 2201 127 2237 α)
140 2202 160 2228 Α
180 2203 206 2228 1α
221 2203 259 2234 fin
275 2202 313 2227 du
331 2204 497 2236 manuscrit,
514 2202 535 2234 f.
553 2203 608 2228 480
625 2204 648 2226 et
664 2203 735 2227 suiv.

594 2303 618 2328 1.

172 2384 316 2418 Privilege
333 2384 367 2410 de
385 2384 556 2418 l’empereur
571 2383 689 2410 Charles
704 2382 756 2414 IV,
777 2384 890 2409 Litteras
904 2384 1013 2409 celebris
1029 2386 1051 2408 et
1070 2391 1112 2408 re-

135 2432 262 2462 colende;
280 2431 402 2463 vienne,
421 2432 450 2458 11
471 2432 541 2458 avril
562 2432 637 2459 1368.

171 2479 424 2511 Bohmer-Huber,
460 2486 490 2506 n⁰
525 2480 592 2511 464;
624 2480 758 2511 Thema-r,
785 2480 848 2506 Coa.
873 2481 998 2513 (limum,
1026 2484 1045 2505 t.
1074 2479 1110 2510 11,

135 2537 162 2563 p.
181 2529 243 2560 456,
263 2535 294 2554 n⁰
310 2528 372 2555 443.

594 2603 621 2629 2.

171 2684 310 2711 Carolus·
325 2684 378 2711 Dei
394 2686 485 2719 gratia
502 2684 679 2711 Francorum
696 2694 745 2711 rex
761 2685 796 2711 ad
812 2690 979 2720 perpetuam
996 2687 1036 2713 rei
1052 2695 1114 2713 me-

140 2824 163 2850 1.
186 2824 233 2850 Au
265 2823 386 2855 Louvre,
415 2825 429 2850 5
455 2824 609 2851 decembre
641 2824 718 2851 1368.
749 2840 781 2844 ——
811 2825 850 2851 Le
879 2826 920 2852 roi
944 2826 978 2852 de
1003 2825 1113 2854 France

100 2872 221 2900 Charles
246 2872 269 2898 V
295 2873 422 2899 concede
446 2881 482 2900 au
507 2882 579 2908 pape
601 2881 656 2899 une
676 2874 767 2908 partie
788 2874 963 2901 determinee
983 2875 1020 2902 du
1044 2880 1114 2910 pont

99 2921 278 2956 d'Avignon.

1232 2198 1362 2223 moriam.
1380 2196 1454 2229 Regi
1471 2203 1570 2229 regum
1589 2203 1638 2228 per
1653 2202 1737 2228 quein
1759 2194 1892 2223 vivimus,
1910 2194 2038 2227 regimur
2055 2199 2081 2219 et
2100 2202 2203 2227 regna-

1232 2253 1307 2278 mus,
1324 2248 1436 2278 gratum
1455 2245 1482 2270 in
1502 2245 1564 2269 suis
1581 2244 1722 2269 ministris
1739 2243 1904 2276 impendere
1920 2242 2067 2268 credimus
2083 2243 2203 2268 famula-

1232 2298 1302 2323 tum,
1329 2293 1352 2318 si
1377 2293 1410 2318 ad
1437 2301 1469 2318 ea
1490 2300 1546 2325 qne
1571 2296 1670 2317 sancte
1693 2291 1824 2317 Romane
1850 2291 1971 2317 ecclesie
2000 2292 2081 2316 matri
2107 2295 2204 2317 nostre

1233 2342 1311 2368 utilia
1333 2341 1577 2375 sanctissimoque
1599 2340 1625 2365 in
1647 2339 1762 2372 Christo
1785 2340 1854 2373 patri
1879 2347 1993 2365 summo
2010 2339 2138 2373 pontifici
2155 2340 2204 2372 qui

1232 2390 1325 2423 ipsius
1348 2398 1381 2415 ac
1407 2389 1578 2415 universalis
1599 2387 1728 2414 Ecclesie
1751 2392 1837 2422 caput
1860 2388 1920 2413 fore
1940 2387 2102 2413 dinoscitur
2124 2392 2205 2421 grata

1232 2439 1351 2471 scimus,
1375 2445 1427 2463 nos
1452 2436 1598 2462 reddimus
1621 2440 1760 2469 quantum
1784 2444 1849 2462 cnm
1875 2434 1934 2460 Deo
1956 2443 2113 2469 possumus
2135 2436 2205 2460 libe-

1232 2487 1318 2512 raleS.
1343 2485 1418 2511 Hinc
1438 2490 1482 2511 est
1501 2484 1577 2518 qnod
1600 2493 1652 2510 nos
1675 2484 1856 2510 attendentes
1877 2484 1952 2518 qnod
1975 2489 2053 2517 pater
2071 2484 2204 2509 beatissi-

1232 2543 1296 2560 mus
1310 2542 1443 2560 summus
1460 2533 1587 2567 pontifex
1602 2533 1757 2558 modernus
1774 2533 1841 2558 totis
1857 2533 1966 2558 exactis
1977 2533 2118 2558 hactenus
2129 2537 2204 2557 tem-

1233 2583 1352 2618 poribus
1383 2587 1411 2608 et
1440 2583 1591 2617 potissime
1623 2587 1751 2616 temporo
1785 2590 1841 2615 quo
1872 2581 1948 2607 dicte
1976 2584 2074 2607 sancte
2101 2580 2206 2614 prefuit

1232 2632 1353 2658 ecclesie
1378 2631 1411 2657 ad
1437 2634 1566 2656 nostrum
1590 2634 1618 2656 et
1638 2630 1719 2664 regni
1742 2630 1831 2656 nostri
1847 2634 1953 2656 statum
1970 2630 2081 2655 felicem
2094 2630 2205 2662 jugiter

1233 2681 1300 2707 totis
1321 2679 1522 2706 conaminibus
1545 2678 1683 2713 aspiravit
1707 2682 1735 2704 et
1759 2678 1792 2704 ad
1819 2679 1913 2704 omnia
1936 2686 1991 2711 que
2013 2678 2088 2703 seire
2114 2678 2205 2711 potuit

1233 2729 1317 2755 nobis
1339 2732 1419 2762 grata
1442 2735 1589 2761 regnoque
1618 2731 1718 2753 nostro
1740 2727 1849 2761 prefato
1877 2726 1954 2752 utilia
1975 2734 2006 2752 se
2030 2726 2151 2751 reddidit
2178 2730 2205 2750 et

1232 2777 1326 2803 reddit
1355 2777 1492 2802 continue
1522 2775 1698 2810 graciosum,
1730 2775 1889 2809 propicium
1918 2779 1946 2801 et
1976 2774 2150 2808 benignum:
2178 2777 2206 2799 et

1233 2830 1384 2860 propterea
1400 2825 1529 2850 volentes
1545 2825 1573 2850 in
1590 2824 1725 2850 omnibus
1736 2824 1791 2850 sibi
1805 2825 1895 2857 gratis
1910 2823 2095 2856 Romanoque
2112 2822 2203 2847 eccle-

1233 2874 1276 2900 sie
1295 2874 1413 2900 utilibus
1430 2881 1482 2899 nos
1498 2873 1588 2899 eciam
1606 2872 1724 2898 reddere
1740 2872 1887 2903 liberales,
1905 2872 1961 2897 sibi
1979 2879 2029 2905 pro
2047 2878 2077 2896 se
2093 2874 2121 2895 et
2137 2878 2205 2896 suc-

1232 2922 1399 2949 cessoribus
1420 2922 1482 2948 suis
1504 2921 1643 2947 Romanis
1659 2920 1843 2955 pontificibus
1860 2923 1966 2946 certam
1984 2922 2091 2953 partem
2110 2918 2205 2952 pontis
