2465 3582
255 333 296 363 72

298 402 329 425 ut
358 398 518 433 premititur
542 399 686 424 solverent
710 398 834 432 singulis
859 399 941 424 annis
966 399 992 424 in
1018 399 1252 432 quadragesima,

296 448 340 474 vel
352 447 553 473 collectoribus
565 447 598 472 ad
610 445 731 472 eundem
746 446 939 481 recipiendum
956 447 990 473 ab
1007 448 1068 481 ipsa
1084 447 1152 473 sede
1168 447 1254 481 depu-

296 497 364 522 tatis
379 504 430 522 seu
447 495 633 530 deputandis,
650 499 677 521 et
694 503 747 521 non
768 499 866 521 contra
882 496 978 522 venire
994 496 1037 521 vel
1055 496 1147 522 facere
1164 496 1256 529 aliqua

297 545 414 578 ratione,
433 544 518 570 verbo
535 544 577 569 vel
593 552 688 578 opere,
706 543 818 577 dejure
836 544 878 570 vel
895 544 928 570 de
945 544 1029 576 facto,
1047 553 1077 570 se
1093 548 1120 570 et
1141 543 1255 569 nomine

297 593 492 627 procuratorio
509 600 565 626 quo
583 600 669 626 snpra
686 600 735 626 pro
753 592 902 626 premissis
918 592 1049 618 tenendis
1064 592 1213 618 efficaciter
1228 595 1256 617 et

296 641 492 674 sollempniter
515 640 678 674 obligando,
701 640 775 666 Acta
795 641 909 666 fuerunt
930 641 981 667 hcc
1003 645 1033 668 ut
1054 649 1155 675 supra,
1170 649 1253 670 anno,

296 689 465 718 indictione.
487 688 532 714 die
555 693 582 714 et
603 696 699 714 mense
724 697 756 715 ae
778 689 839 715 loco
860 689 1046 723 supradictis„
1074 689 1255 724 pontificatus

298 738 474 764 sanctissimi
490 738 578 771 patris
597 742 625 763 et
647 737 754 763 domini
771 738 860 764 nostri
879 738 986 765 domini
1001 737 1143 764 Johannis
1159 738 1254 764 divina

298 785 476 821 providentia
493 794 562 820 pape
578 785 677 816 XXII,
695 794 768 812 anno
784 786 895 812 decimo
913 795 996 813 nouo.

331 845 343 857 a
362 833 394 860 Et
414 842 466 867 ego
487 834 630 860 Arnaldus
653 834 686 860 de
709 834 828 861 Parente
849 836 971 861 clericus
992 835 1175 869 Agennensis
1191 835 1254 860 ‹lio-

294 884 372 909 cesis
399 883 556 918 apostolica
580 884 747 909 auctoritate
774 884 905 918 publicus
932 885 1059 909 notarius
1085 893 1136 909 sen
1161 884 1254 909 scriba

295 932 446 966 premissis
462 931 606 964 omnibuS‚
623 932 700 963 dum‚
719 935 749 958 nt
765 933 933 966 promititur,
951 932 1117 965 agebantur,
1136 940 1255 966 presens

293 980 335 1006 fui
359 985 387 1006 et
409 980 462 1006 1100
485 988 603 1014 presens
625 980 848 1006 instrumentum
869 980 902 1006 de
920 980 1050 1007 mandato
1065 981 1132 1007 (11011
1149 980 1255 1007 domini

292 1028 546 1054 Wlasdilaviensis
571 1029 698 1062 episcopi
724 1038 807 1055 manu
832 1038 892 1055 mea
917 1031 1027 1064 propria
1050 1031 1154 1064 scripsi
1176 1035 1203 1056 et
1227 1031 1252 1056 in

293 1077 366 1103 hane
394 1078 510 1103 sormam
539 1077 634 1111 redegi
666 1078 821 1112 publicam,
848 1080 988 1112 signoque
1014 1087 1076 1104 meo
1099 1087 1154 1112 quo
1180 1080 1255 1105 dicta

293 1127 461 1152 auctoritate
487 1130 549 1151 utor
570 1126 682 1159 signavi
705 1131 821 1160 rogatus
837 1130 864 1152 et
881 1127 1035 1160 requisitus
1052 1128 1135 1153 etiam
1151 1128 1253 1154 exinde

294 1175 373 1209 plura
389 1175 529 1200 conficere
547 1175 735 1200 instrumenta
750 1174 879 1208 ejusdem
896 1175 1075 1201 00111111011010
1091 1180 1119 1201 et
1135 1178 1251 1203 tenoriS.

292 1222 328 1248 Et
343 1222 376 1248 ad
395 1223 529 1256 majorem
545 1223 655 1248 roboris
671 1223 831 1249 firmitatem
847 1228 873 1249 et
892 1224 995 1257 prefate.
1018 1224 1144 1250 Romane
1161 1226 1255 1251 ecele-

293 1272 336 1297 sie
357 1271 494 1297 cautelam
516 1276 542 1296 et
565 1275 728 1305 perpetuam
750 1272 915 1297 memoriam
935 1273 1112 1306 singulorum
1136 1274 1254 1307 premis—

295 1328 392 1346 sorum
407 1320 533 1345 011111111111
549 1320 820 1353 111·01ε11115(1001111115
834 1320 1085 1347 Wiasdnaviensis
1101 1323 1254 1355 episcopus

295 1377 348 1395 nec
365 1377 418 1394 non
436 1369 534 1403 prelati
552 1369 831 1401 dnminnsmagister
846 1374 874 1394 et
890 1369 1003 1395 Gdancz
1018 1374 1044 1396 et
1060 1371 1093 1395 de
1111 1371 1254 1396 Gnanewa

293 1422 322 1444 et
345 1418 455 1444 Swezat
471 1418 703 1448 emnemlatores,
721 1419 848 1444 advocati
869 1428 982 1452 quoqne
1005 1419 1206 1445 Dei-soriensis
1227 1424 1254 1445 et

291 1468 442 1493 comitatos
458 1466 492 1491 de
508 1466 621 1492 Gdancz
638 1472 665 1492 et
683 1466 717 1492 (10
737 1466 871 1492 Tersovia
892 1467 1038 1493 civitatum
1057 1475 1106 1493 seu
1126 1468 1252 1494 villarum

292 1525 342 1549 pro
363 1523 393 1541 sc
417 1519 445 1541 et
467 1515 529 1540 aliis
550 1515 651 1540 incolis
673 1515 747 1540 dicte
769 1519 841 1540 terre
868 1515 1033 1541 Pomeranie,
1059 1516 1112 1541 1100
1134 1525 1254 1549 presens

292 1564 436 1599 publicum
461 1564 683 1589 instrumentum
706 1564 768 1589 suis
788 1563 891 1597 sigillis
915 1564 1121 1590 mandzwerunt
1136 1565 1253 1598 sigillari

291 1613 318 1639 in
342 1612 535 1638 testimoninm
554 1613 771 1646 premissorum.

327 1673 339 1684 «
354 1661 386 1687 Et
399 1670 451 1694 ego
466 1660 646 1687 Hermannus
657 1661 798 1694 quondam
816 1660 961 1695 Vythmari
975 1661 1008 1687 dc
1019 1661 1155 1695 Tlxorum,
1171 1662 1255 1688 cleri-

290 1719 343 1737 cus
357 1709 520 1736 Cnlmensis
536 1709 671 1740 diocesis,
689 1710 820 1743 publicus
835 1711 1003 1736 auctoritate
1021 1710 1155 1744 imperiali
1175 1714 1254 1736 nota-

249 1881 290 1914 40
316 1879 382 1914 Au
410 1890 516 1913 ves-so
545 1878 590 1913 (le
618 1878 1122 1924 l'aeant-(lernierfem'llet.

741 2032 765 2058 8.

326 2134 401 2161 Hoc¹
419 2139 463 2161 est
477 2136 671 2168 jurameutum
688 2135 762 2169 quod
780 2135 845 2161 feeit
862 2135 995 2161 dominus
1011 2135 1181 2163 Guillelmus
1200 2137 1251 2163 Vi-

288 2192 431 2216 cecmnes,
455 2184 511 2209 dux
537 2183 654 2217 Spoleti,
678 2188 806 2219 tempore
831 2185 1008 2211 sanctissimi
1034 2187 1121 2220 patris
1144 2186 1250 2212 domini

287 2232 418 2266 Gregorii
435 2241 505 2266 pape
523 2232 590 2258 Xmi.

326 2279 388 2313 Ego
405 2280 575 2306 Guillelmus
587 2280 767 2311 Vicecomes,
786 2282 877 2313 miles,
890 2282 946 2308 dux
960 2282 1139 2316 Spoletanus,
1153 2283 1187 2309 ab
1199 2284 1251 2309 hac

288 2329 357 2354 hora
380 2330 408 2355 111
434 2333 515 2355 antea
541 2329 631 2355 fidelis
656 2338 703 2354 ero
731 2329 812 2355 beato
836 2330 919 2356 Petro
944 2336 1099 2365 sancteque
1121 2331 1250 2358 Romane

287 2378 409 2403 ecclesie
433 2382 460 2402 et
481 2378 595 2403 domino
617 2386 680 2403 meo
697 2377 834 2412 Gregorio
852 2387 922 2413 pape
938 2379 979 2404 X⁰
996 2381 1117 2413 ejusque
1131 2388 1250 2406 succes-

286 2426 403 2451 soribus
423 2426 559 2451 canonice
580 2426 763 2452 intrantibus.
780 2426 842 2452 Non
859 2435 907 2453 ero
925 2428 950 2453 in
969 2428 1052 2459 facto,
1069 2429 1189 2454 consilio
1207 2429 1249 2455 vel

285 2482 432 2500 consensu
455 2474 529 2507 quod
553 2475 638 2500 vitam
661 2475 779 2508 perdant
799 2480 847 2502 aut
868 2476 1026 2502 membrum
1044 2477 1085 2503 vel
1101 2477 1250 2511 capiantur

285 2522 358 2548 mala
374 2523 515 2556 captione.
528 2522 684 2549 Consilium
697 2524 772 2557 quod
787 2532 836 2558 per
850 2532 881 2549 se
893 2525 936 2550 vel
951 2533 1001 2559 per
1017 2526 1151 2551 nuncium
1164 2534 1249 2552 suum

285 2579 335 2596 seu
358 2571 469 2597 litteras
485 2571 571 2596 11110111
592 2572 727 2597 credituri
748 2576 816 2598 sunt
832 2572 926 2607 signo,
944 2573 1029 2599 verbo
1047 2574 1088 2599 vel
1111 2578 1179 2601 nutu
1205 2583 1248 2600 me

284 2619 396 2645 sciente
412 2620 445 2645 ad
462 2628 558 2645 eorum
575 2620 728 2654 dampnum
750 2629 802 2647 seu
821 2622 1012 2656 prejudicium
1031 2623 1097 2649 nulli
1117 2623 1246 2657 pandam.

287 2668 318 2694 Si
335 2668 489 2702 dampnum
512 2669 638 2703 ipsorum
656 2671 768 2695 tractari
792 2670 914 2703 scivero,
933 2679 981 2704 pro
1003 2679 1087 2705 posse
1108 2680 1170 2697 meo
1193 2673 1247 2698 im-

287 2716 397 2750 pediam
422 2724 456 2741 ne
486 2716 552 2747 fiat3
575 2717 648 2750 quod
678 2718 702 2743 si
725 2726 774 2752 per
797 2726 842 2744 mc
866 2718 1005 2752 impedire
1031 2727 1085 2745 nou
1112 2728 1244 2753 possum,

285 2773 337 2799 per
358 2765 490 2791 nuntium
510 2770 557 2791 aut
583 2774 631 2799 per
654 2766 762 2792 litteras
782 2767 824 2793 eis
843 2767 1005 2801 significare
1025 2768 1130 2794 curabo
1151 2769 1192 2795 vel
1209 2769 1247 2795 illi

283 2873 307 2898 i.
334 2872 496 2900 1272-1276.
517 2888 549 2892 —
572 2873 702 2900 Fui-mule
723 2875 757 2900 de
779 2880 906 2902 serment
923 2879 1084 2910 prononcee
1101 2886 1149 2911 par
1165 2877 1247 2903 Guil-

247 2922 352 2955 laume,
369 2921 423 2947 duc
440 2921 474 2947 de
491 2922 616 2956 spoleto,
635 2932 705 2956 pour
722 2923 859 2958 Gregoire
876 2924 914 2956 X7
931 2933 1001 2951 avec
1016 2926 1159 2952 variantes
1176 2935 1247 2960 pour

249 2969 375 2995 d‘autres
390 2970 621 2997 sonctionnaires.

802 333 852 361 LE
875 333 1018 362 LIBER
1041 332 1273 363 CENSUUM
1295 332 1349 362 DE
1373 323 1558 362 L'IJJGLISE
1581 332 1788 363 ROMAINE.

1372 399 1445 429 1-105,
1463 398 1612 432 premissis
1628 399 1762 425 omnibus
1783 399 1810 425 in
1827 399 1880 425 hoc
1903 399 2093 425 instrumento
2110 407 2158 433 per
2177 399 2334 426 Arnaldum

1372 447 1512 473 notarium
1533 447 1761 480 suprascriptum
1777 447 1908 473 confecto
1924 448 2068 473 contentis
2085 456 2139 473 una
2154 455 2219 473 cum
2235 447 2335 474 eodem

1371 498 1399 520 et
1420 495 1543 520 testibus
1563 495 1737 528 supradictis
1758 503 1878 529 presens
1899 495 1954 525 fui,
1970 498 1999 521 et
2019 495 2053 521 (10
2076 495 2207 521 mandato
2227 495 2334 523 domini

1371 542 1498 577 episcopi
1515 541 1768 569 VVladislaviensis
1785 543 1831 569 1110
1847 551 1891 569 010
1908 543 2068 577 subscripsi
2086 551 2206 578 meoque
2222 544 2335 570 nomine

1372 595 1399 616 et
1415 591 1499 624 signo
1515 595 1654 617 consueto
1671 592 1838 625 consignavi
1860 595 1988 625 rogatus.
2005 601 2018 616 1)

1408 639 1528 665 Demum
1547 648 1611 665 vero
1629 639 1706 665 tude
1718 640 1793 666 dicto
1804 648 1904 670 censu,
1920 639 1970 666 tibi
1984 648 2033 674 pro
2046 640 2130 667 dictis
2147 640 2238 666 tribus
2251 641 2335 667 annis

1375 688 1488 713 nomine
1504 688 1629 721 predicto
1646 687 1774 714 Romane
1791 689 1923 719 ecclesie,
1943 692 1973 714 ut
1990 688 2160 722 premititur,
2178 689 2333 723 persoluto,

1373 736 1548 770 quingentos
1563 742 1590 762 01
1611 737 1711 770 viginti
1727 736 1851 763 florenos
1867 737 1933 762 boni
1954 737 2014 763 auri
2031 737 2117 763 debiti
2136 737 2269 771 ponderis
2287 745 2335 772 per

1374 794 1475 810 manus
1501 785 1668 811 dilecturum
1695 785 1815 811 filiorum
1843 785 1955 811 Martini
1981 786 2015 811 (10
2042 785 2211 812 Brimislave
2231 791 2259 812 et
2283 786 2335 812 Ni-

1375 834 1474 868 cholay
1497 834 1531 859 de
1551 834 1659 860 Tlovitz
1675 834 1862 860 ecclesiarum
1879 834 1953 860 (11010
1968 833 2222 861 Wlastnlavionsis
2237 835 2335 861 dioce-

1374 882 1414 908 sis
1433 883 1615 917 plebanorum
1632 883 1724 908 fecisti
1742 887 1837 908 nostre
1857 891 1969 909 camere
1987 883 2161 917 integraliter
2180 884 2333 917 assignari.

1374 930 1434 956 Nos
1451 931 1604 964 igiturque
1618 939 1704 964 super
1720 931 1868 964 premissis
1884 935 1946 956 acta
1959 936 2026 957 sunt
2040 936 2137 957 tenore
2153 932 2333 966 presencium

1373 979 1573 1013 approbantes,
1593 988 1624 1004 ae
1645 980 1772 1005 volentes
1788 988 1876 1013 super
1892 979 2057 1013 hujusmodi
2073 980 2268 1011 assignatione
2285 988 2334 1014 pe-

1373 1029 1456 1054 cunie
1473 1028 1545 1054 dicte
1562 1036 1672 1053 camere
1694 1032 1742 1053 tuo
1765 1027 1877 1053 nomine
1894 1028 1966 1054 facta
1981 1028 2031 1054 tibi
2051 1028 2084 1053 de
2103 1029 2212 1054 cantela
2234 1036 2334 1055 neces-

1373 1077 1446 1102 saria
1463 1077 1620 1111 providere,
1631 1077 1854 1109 assignationem
1872 1077 1961 1111 ipsam
1979 1077 2013 1102 de
2028 1077 2112 1103 dictis
2128 1078 2294 1111 quingentis
2308 1082 2337 1104 et.

1373 1125 1473 1158 viginti
1498 1125 1615 1151 florenis
1638 1126 1699 1151 auri
1725 1125 1838 1151 nomine
1862 1130 1910 1151 tuo
1934 1125 2034 1151 factam
2056 1126 2129 1151 (11010
2153 1134 2281 1157 cutinei-c,
2307 1129 2336 1152 ut

1374 1175 1523 1208 prefertur,
1536 1179 1642 1207 gnatam
1658 1179 1685 1200 et
1700 1179 1785 1200 ratam
1805 1174 1951 1206 babentes,
1965 1180 1992 1200 te
2009 1180 2131 1208 tuosque
2148 1183 2336 1201 successores

1373 1224 1524 1256 episeopus
1549 1222 1806 1249 Wlmnslavieuses
1830 1223 1877 1257 qui
1905 1232 1953 1257 pro
1977 1228 2105 1257 tempore
2133 1223 2251 1256 suerint,
2274 1223 2335 1249 dic-

1373 1276 1486 1305 tamque
1502 1270 1789 1297 Wiasdisiavieusem
1812 1273 1963 1298 ecclesnim
1983 1272 2017 1298 de
2034 1272 2105 1306 ipsis
2121 1272 2286 1306 quingentis
2307 1276 2336 1298 et

1373 1320 1471 1352 viginti
1488 1319 1603 1345 florenis
1619 1320 1695 1352 auri,
1714 1324 1811 1345 tenore
1829 1321 2008 1354 presencium
2027 1321 2196 1346 auctoritate
2217 1323 2334 1354 aposto-

1372 1369 1424 1394 lica
1447 1368 1624 1394 absolvimus
1643 1374 1669 1394 et
1691 1369 1845 1402 qnitamus.
1868 1367 1944 1394 Nulli
1962 1377 2029 1402 ergo
2045 1369 2162 1394 omnino
2186 1369 2334 1395 1101111110111

1372 1417 1453 1442 liceat
1477 1417 1548 1442 lianc
1573 1416 1703 1450 paginam
1729 1422 1824 1442 nostre
1845 1417 2072 1451 approbationis,
2095 1418 2284 1444 absolutionis
2307 1421 2336 1443 et

1371 1466 1538 1500 unitationis
1565 1466 1719 1497 intringere
1746 1467 1788 1491 vel
1812 1466 1837 1491 ei
1861 1475 1933 1492 ausu
1957 1467 2106 1493 temerario
2130 1468 2281 1493 contraire.
2304 1467 2335 1493 Si

1371 1515 1435 1548 quis
1447 1519 1540 1540 autem
1553 1515 1605 1540 1100
1616 1519 1772 1548 atemptare
1785 1515 2001 1549 presumpserit,
2014 1515 2234 1549 indignationem
2249 1517 2336 1542 omni-

1372 1564 1495 1599 potentis
1513 1563 1563 1589 Dei
1579 1568 1607 1589 et
1623 1563 1769 1589 beatorum
1790 1563 1864 1589 l'etri
1880 1568 1907 1589 et
1919 1564 1997 1590 Pauli
2014 1565 2208 1598 apostolorum
2224 1565 2288 1599 ejus
2303 1572 2335 1591 50

1371 1613 1481 1638 noverit
1504 1613 1697 1638 incursurum.
1723 1611 1824 1638 Datum
1849 1613 1922 1646 apud
1948 1612 2067 1638 Pontem
2089 1613 2191 1647 Sol-gie
2212 1613 2334 1640 Avinio-

1372 1662 1469 1688 nensis
1484 1661 1617 1691 diocesis,
1636 1660 1676 1686 1Ι1
1695 1661 1828 1686 kalendas
1844 1661 2027 1695 septembris,
2046 1662 2228 1695 pontificatus
2245 1662 2335 1688 nostri

1372 1720 1385 1736 a
1392 1720 1405 1736 11
1412 1719 1445 1736 no
1464 1711 1564 1744 primo.

1372 2042 1421 2067 per
1443 2042 1525 2066 quem
1553 2033 1645 2059 cicius
1668 2034 1700 2058 0-1
1725 2041 1823 2058 eorum
1846 2033 1977 2059 noticiam
2003 2033 2169 2059 deducatur.
2197 2033 2334 2068 l'apatum

1369 2081 1530 2107 Romanum
1548 2085 1576 2107 et
1596 2082 1699 2115 regalia
1716 2081 1790 2107 beati
1812 2081 1888 2107 Petri
1903 2082 1908 2098 ¹
1929 2089 1984 2115 que
2001 2081 2086 2108 habet
2103 2081 2209 2116 ubique
2225 2085 2252 2107 et
2267 2089 2334 2116 spe-

1369 2130 1479 2156 cialiter
1502 2131 1527 2155 in
1551 2130 1656 2156 ducatu
1681 2130 1808 2164 predicto
1817 2131 1837 2162 ²,
1856 2129 1970 2164 adjutor
1987 2138 2035 2156 ero
2055 2130 2088 2156 ad
2107 2130 2287 2156 retinendum
2308 2133 2336 2156 et

1368 2180 1575 2205 defendendum
1605 2185 1703 2205 contra
1730 2187 1842 2205 omnem
1869 2180 2024 2205 hominem.
2051 2179 2214 2206 Ducanaris
2240 2179 2334 2214 ipsum

1368 2229 1453 2254 0110111
1476 2238 1492 2254 a
1514 2228 1619 2262 prefato
1636 2221 1750 2254 domino
1768 2236 1837 2261 papa
1858 2228 2045 2254 commissum
2069 2228 2141 2254 bene
2163 2232 2191 2253 et
2212 2227 2334 2267 fideliter

1368 2279 1482 2311 regam⁸
1503 2282 1531 2303 01
1557 2278 1583 2303 111
1608 2286 1640 2303 eo
1661 2278 1780 2303 servabo
1803 2277 1953 2311 justiciam
1977 2281 2004 2303 et
2029 2286 2078 2311 pro
2105 2285 2188 2311 posse
2213 2277 2247 2303 ab
2271 2276 2334 2303 aliis

1368 2327 1467 2352 faciam
1492 2327 1649 2354 observari.
1666 2326 1778 2355 Castra.
1798 2326 1891 2356 villas,
1918 2326 2059 2358 homines,
2073 2327 2148 2360 jura,
2168 2326 2334 2360 juridictio-

1368 2384 1433 2407 nes,
1452 2376 1534 2402 feuda
1556 2384 1605 2401 sen
1627 2384 1808 2409 quecumque
1825 2375 1897 2401 bona
1916 2375 1958 2401 vel
1977 2377 2041 2408 jin-a
2059 2375 2150 2409 ipsius
2166 2375 2289 2401 ecclesie
2305 2375 2332 2401 in

1368 2425 1472 2451 ducatu
1498 2425 1626 2459 predicto
1652 2424 1755 2450 nemini
1777 2424 1865 2454 dabo,
1891 2424 2026 2456 vendam,
2043 2424 2158 2455 locabn,
2182 2423 2333 2450 infeudabo

1367 2482 1417 2500 seu
1443 2475 1512 2500 alias
1537 2482 1718 2507 quocumque
1747 2473 1829 2498 modo
1859 2473 1987 2499 alienabo
2015 2473 2076 2499 sine
2107 2473 2201 2504 ipsius
2226 2472 2332 2499 domini

1368 2532 1438 2557 pape
1461 2522 1591 2548 mandato
1612 2526 1639 2548 et
1660 2522 1771 2548 licentia
1794 2521 1920 2556 speciali.
1946 2522 1971 2547 A
1991 2522 2174 2552 muneribus¹
2201 2522 2284 2547 donis
2305 2525 2334 2547 et

1367 2572 1475 2597 exeniis
1491 2571 1575 2597 etiam
1597 2571 1746 2596 abstinebo
1768 2574 1796 2596 et
1816 2578 1895 2596 meos
1911 2569 2047 2596 officiales
2063 2574 2089 2595 et
2109 2569 2261 2596 familiares
2282 2570 2332 2596 ab·

1366 2621 1473 2646 stinere
1496 2620 1572 2645 omui
1594 2619 1746 2653 diligencia
1772 2628 1827 2652 qua
1852 2623 1950 2653 potero
1975 2618 2151 2653 procurabo,
2176 2618 2333 2645 esculentis

1366 2673 1393 2694 et
1418 2668 1576 2702 poculentis
1600 2676 1652 2693 non
1670 2667 1857 2694 fraudulentis
1873 2667 2021 2693 dumtaxat
2039 2666 2185 2701 exceptis;
2204 2667 2240 2693 ita
2257 2666 2332 2701 qnod

1369 2782 1390 2808 1,
1411 2782 1567 2813 lintrelz'ync
1586 2791 1592 2806 .-
1611 2786 1635 2806 et
1654 2781 1749 2806 omnia
1763 2782 1830 2814 jura
1847 2780 1976 2806 Romane
1995 2779 2128 2806 ecclesie.

1364 2830 1390 2856 Q.
1414 2830 1571 2862 Ennen'ync
1588 2839 1594 2854 :
1613 2830 1649 2856 al.
1667 2829 1858 2854 manutenebo
1876 2828 1944 2854 totis
1960 2827 2069 2854 viribus
2085 2831 2113 2853 et
2129 2827 2290 2854 defendam.

1365 2879 1391 2905 3.
1407 2879 1566 2911 Enereliyne
1584 2888 1591 2904 :
1612 2878 1744 2904 Officium
1763 2877 1847 2904 michi
1863 2886 1878 2903 a
1896 2876 2022 2911 predicto
2039 2877 2152 2902 domino
2171 2885 2240 2911 papa
2253 2885 2333 2903 com-

1329 2927 1463 2954 missum.

1366 2977 1391 3002 4.
1409 2977 1566 3008 Ε1111”εΙί(]110
1583 2986 1590 3000 .·
1610 2984 1718 3009 geram.
