2455 3560
619 347 668 375 LE
692 345 837 375 LIBER
859 343 1091 374 CENSUUM
1116 343 1170 373 DE
1193 333 1378 372 L‘F'JGLISE
1403 341 1610 371 ROMAINE.
2125 340 2156 369 19

115 414 308 444 dominabus
326 414 447 444 eisdem
471 414 503 442 in
525 413 611 443 Urbe
630 412 857 441 monasterium
877 419 997 446 unum,
1015 410 1076 439 sci-

115 466 190 497 licet
204 466 434 497 monasterium
452 466 551 495 sancti
568 465 714 501 Cosme¹‚
735 465 768 493 iu
789 463 979 494 Lonibardia

116 520 150 550 in
174 520 288 549 Tuscia
389 519 543 557 impensis
569 518 754 547 innumeris
779 522 809 546 et
829 516 998 545 ministerii
1028 516 1078 545 sui

119 574 330 604 subventione
346 572 534 607 construxit,
550 571 746 610 providendo
760 569 959 608 postmodum
975 577 1079 597 neces-

120 627 265 656 sitatibus
282 626 495 664 singulorum.
514 625 573 654 Eas
590 625 684 653 etiam
701 632 762 662 que
783 632 838 652 sue
856 622 1080 660 predicationis

120 680 225 710 studio
249 679 407 709 divinitus
429 678 580 716 inspirate
608 677 792 716 parentibus
812 676 955 704 dimissis
973 680 1002 704 et
1026 683 1078 712 pa-

122 733 180 762 tria
197 740 255 761 nec
274 731 413 761 lacrimis
436 730 576 760 emollite
600 734 746 759 natorum
765 728 880 757 mnndi
899 727 1080 766 superbiam

120 790 151 815 et
167 784 354 823 temporales
371 783 500 813 divitias
518 786 808 817 commutaverant,
831 782 863 810 in
889 780 1082 819 paupertatis

122 843 262 868 extrema
275 842 305 866 et
316 838 348 866 in
364 845 475 875 aspere
486 836 558 865 lane
575 835 754 865 mordentes
771 834 898 864 aculeos
909 834 1003 862 vestis
1016 842 1081 871 pre-

122 891 202 920 tiose
217 894 412 924 contextum,
431 894 499 927 post
516 888 635 918 summi
651 888 805 926 pontificii
822 886 937 916 solium
952 886 1082 924 collige-

122 944 172 973 bat
188 948 221 973 ut
236 943 330 979 filias,
348 943 557 972 venerabatur
576 945 609 971 ut
624 945 752 977 matres,
771 941 911 978 ipsarum
928 939 1080 976 indigen-

125 996 200 1026 tiam
213 995 415 1025 uberioribus
434 994 564 1024 auxiliis
582 998 776 1032 prosecutus.
789 993 882 1031 Apud
900 992 1083 1029 Anagniam

124 1058 197 1079 vero
214 1049 253 1078 ad
279 1048 415 1086 gloriose
440 1047 584 1086 Virginis
609 1046 744 1084 gloriam
766 1046 799 1076 in
825 1050 955 1084 paterno
977 1045 1084 1084 predio

126 1102 287 1133 Florensis
304 1102 429 1132 ordinis
446 1101 552 1131 nobile
572 1100 802 1130 monasterium
821 1099 939 1129 dictum
957 1099 995 1128 de
1010 1099 1086 1129 Glo-

126 1156 174 1185 ria
190 1157 309 1190 statuit‚
330 1155 408 1194 stipe
426 1155 608 1184 decoratum
627 1154 763 1182 mirifica
783 1157 813 1182 et
832 1152 946 1191 pingui
962 1161 1086 1191 posses-

129 1210 217 1239 sione
233 1209 388 1244 dotatum,
407 1208 525 1238 ibidem
542 1207 629 1236 aliud
643 1210 830 1237 construens
846 1206 884 1235 ad
902 1206 983 1235 beati
1001 1206 1086 1235 Mar-

129 1262 190 1292 tini
231 1261 421 1292 confessoris
459 1261 632 1296 honorem,
670 1261 702 1289 in
741 1258 934 1289 Velletrensi
968 1259 1088 1289 diocesi

128 1315 346 1346 venerandum
366 1315 596 1344 monasterium
617 1313 655 1342 de
681 1314 822 1349 Mirteto,
846 1314 880 1341 in
903 1317 992 1351 porta
1008 1312 1088 1342 civi-

131 1369 202 1398 tatis
223 1369 372 1405 Anagnie
397 1367 436 1396 ad
460 1376 552 1397 usum
576 1375 750 1406 pauperum
775 1366 944 1404 hospitale,
970 1365 1090 1395 multa-

130 1432 199 1452 rum
219 1422 452 1460 possessionum
474 1421 642 1458 largitione
659 1421 811 1449 dotatum.
836 1419 955 1449 Graves
975 1420 1092 1449 Roma-

130 1484 246 1505 norum
269 1474 444 1504 discordias
468 1483 523 1512 per
549 1481 627 1511 quas
651 1473 827 1502 multorum
852 1472 973 1502 excidia
999 1473 1092 1502 time-

131 1529 249 1558 bantur
273 1528 310 1557 ad
339 1528 496 1566 insperate
518 1527 603 1566 pacis
629 1525 830 1555 concordiam
856 1525 981 1555 futurus
1007 1530 1093 1564 pater

134 1585 263 1620 paterna
275 1580 480 1611 solicitudine
496 1579 674 1609 reducebat.
687 1578 857 1608 Civitatem
870 1578 1012 1608 Hostiam
1027 1583 1093 1608 tur-

131 1634 220 1664 ribus
238 1633 377 1663 munivit
396 1636 426 1662 et
441 1633 554 1669 muris,
572 1632 754 1670 sumptibus
773 1635 802 1660 et
817 1631 978 1661 laboribus
995 1631 1094 1660 variis

132 1687 169 1717 de
190 1687 340 1716 manibus
352 1686 582 1724 occupantium
601 1689 744 1724 potenter
760 1690 912 1723 ereptam.

172 1740 199 1769 4.
213 1757 251 1761 —
262 1740 326 1776 Qui
344 1739 471 1769 tandem
485 1739 634 1768 defuncto
649 1738 698 1776 pie
710 1738 938 1768 recordationis
951 1738 1095 1768 Honorio

137 1793 239 1829 tertio,
259 1798 345 1822 sexta
362 1793 452 1829 teria,
471 1791 645 1822 ebdomada
668 1800 741 1821 vero
766 1791 896 1830 majoris
919 1791 1095 1829 quadrage-

134 1847 215 1876 sime
232 1847 345 1885 quinta
357 1842 385 1882 ²,
409 1846 447 1875 de
461 1845 628 1875 communi
644 1849 674 1874 et
688 1845 944 1883 impremeditata
960 1844 1097 1874 fratrum

133 1899 316 1935 concordia,
338 1908 400 1928 non
419 1899 532 1928 minus
549 1898 703 1928 electione
720 1899 872 1928 canonica
889 1907 982 1936 quam
999 1898 1098 1936 inspi-

134 1953 260 1982 ratione
279 1953 408 1987 divina,
427 1952 618 1982 lacrimabili
645 1957 674 1981 et
694 1951 832 1981 clamosa
848 1951 1098 1981 contradictione

135 2014 299 2042 recusans,
318 2006 402 2034 inter
419 2005 539 2034 votivas
556 2004 746 2042 eligentium
764 2014 879 2034 manus
894 2005 944 2043 pia
960 2005 1097 2034 vestium

136 2058 330 2088 laceratione
354 2061 539 2096 quassatus,
562 2058 594 2086 in
621 2057 713 2087 domo
738 2058 819 2086 beati
845 2057 991 2095 Gregorii
1018 2057 1098 2087 Gre-

135 2111 244 2149 gorius
263 2112 331 2149 ejus
355 2111 532 2140 immitator
555 2111 741 2147 assumitur,
758 2111 842 2150 apud
862 2111 987 2148 Septem
1012 2110 1099 2140 Solia

137 2165 256 2193 summi
275 2163 431 2201 pontificii
443 2163 558 2193 solium
575 2163 707 2192 fratrum
723 2164 875 2193 instantia
890 2164 1032 2194 devictus
1049 2173 1099 2193 as-

137 2217 288 2247 cendens.
310 2217 448 2246 Demum
462 2226 536 2247 vero
556 2217 709 2247 Romanis
728 2217 1100 2256 exultantibus,populis

139 2280 174 2300 ac
192 2270 275 2300 clero
288 2270 446 2309 jubilante
463 2279 516 2308 pre
533 2269 662 2307 gaudio,
677 2270 874 2300 irruentibus
891 2271 984 2300 etiam
1003 2275 1100 2300 cater-

141 2323 239 2352 vatim
253 2323 420 2361 utriusque
432 2332 524 2352 sexus
536 2322 734 2359 hominihus,
752 2323 923 2361 pontificali
937 2324 1101 2353 decoratus

139 2375 243 2406 insula
266 2376 299 2405 in
325 2376 532 2405 Lateranensi
549 2375 665 2414 palatio
690 2376 859 2414 magnifice
884 2376 1099 2406 cathedratur.

139 2430 230 2459 Tunc
250 2429 403 2466 lugubres
423 2434 525 2458 vestes
548 2430 682 2458 mutavit
699 2429 831 2458 ecclesia
849 2433 878 2458 et
897 2430 984 2458 urbis
1003 2430 1100 2459 semi-

142 2487 215 2512 ruta
235 2482 343 2511 menia
366 2482 535 2520 pristinum
558 2492 593 2511 ex
617 2488 704 2520 parte
725 2488 913 2520 receperunt
932 2483 1098 2520 fulgorem.

141 2535 299 2574 Sequenti
314 2544 388 2565 vero
404 2535 577 2572 dominica,
599 2536 650 2565 die
668 2536 773 2565 silicet
788 2537 980 2565 sanctissimi
999 2537 1101 2566 Bene-

140 2589 229 2624 dicti,
243 2588 431 2618 benedictus
445 2593 533 2627 pater
545 2588 736 2627 prelatorum
750 2589 915 2619 comitatus
926 2590 1099 2628 obsequiis,

140 2642 307 2671 assistente
331 2641 562 2671 innumerabili
583 2641 791 2671 multitudine
809 2642 1046 2679 Romanorum,
1067 2644 1102 2672 in

140 2774 164 2800 1.
190 2773 221 2800 S.
246 2772 407 2805 Cosimam,
434 2782 470 2800 au
494 2773 693 2800 Transtevere.
720 2773 759 2800 La
784 2774 916 2801 donation
945 2776 1023 2802 n'eut
1047 2776 1103 2802 lieu

101 2822 187 2857 qu’en
207 2822 283 2850 1234.
301 2821 383 2848 Deux
399 2823 515 2849 chartes
533 2822 570 2848 du
589 2823 614 2848 L.
634 2823 673 2855 C.,
691 2822 819 2849 CCXIXj
836 2827 864 2849 et
879 2823 1021 2855 CCXIX&
1039 2827 1105 2850 sont

101 2871 238 2898 relatives
254 2873 269 2896 a
285 2871 387 2897 l‘achat
403 2871 436 2897 de
453 2879 485 2898 ce
503 2872 664 2898 monestere
681 2880 730 2906 par
747 2871 885 2906 Gregoire
902 2872 955 2898 IX.

138 2919 166 2946 2.
188 2918 322 2953 Corriger
344 2921 426 2945 tertia
449 2929 456 2945 :
478 2928 513 2946 en
539 2919 616 2951 1227,
644 2919 754 2954 raques
777 2921 895 2946 tombait
918 2921 942 2946 le
967 2921 991 2947 11
1015 2922 1102 2953 avril;

103 2976 154 3003 par
170 2968 243 2995 suite
262 2969 288 2994 le
312 2968 341 2995 19
359 2976 445 3002 mars,
460 2969 527 3002 jour
546 2968 579 2994 de
596 2968 735 2995 l‘election
754 2969 788 2994 de
806 2968 944 3003 Gregoire
960 2969 1019 3003 lx,
1037 2971 1104 2996 etait

104 3016 175 3043 dans
191 3017 216 3043 la
233 3018 379 3044 troisieme
395 3018 523 3044 semaine
540 3017 573 3043 de
589 3016 718 3045 Car-eme.

1200 408 1353 446 principis
1376 407 1600 445 Apostolorum
1627 407 1755 437 basilica
1783 407 1983 436 venerandus
2012 407 2158 445 princeps

1200 460 1371 498 magnifico
1386 465 1550 498 susceptus
1570 460 1720 498 tripudio,
1734 469 1768 489 ex
1786 459 1954 497 apostolice
1972 459 2055 487 sedis
2073 467 2159 487 more

1201 514 1340 552 suscepit
1357 512 1495 551 palleum
1515 512 1605 551 plene
1622 513 1784 551 potestatis
1799 513 1939 550 insigne.
1954 512 2068 550 Sicque
2083 511 2158 540 mis-

1202 575 1309 596 sarum
1335 566 1467 605 peractis
1488 565 1675 604 solempniis
1696 575 1843 595 summus
1867 565 2003 604 pontifex
2025 564 2160 601 gemmis

1202 619 1427 648 circumtectus
1446 622 1475 647 et
1496 626 1573 647 auro
1595 618 1631 647 ad
1651 618 1799 656 palatium
1822 618 2033 647 Lateranense
2052 625 2159 654 proce-

1202 672 1260 702 dit.
1285 672 1344 701 Die
1368 680 1440 701 vero
1464 671 1720 701 Resurrectionis
1742 671 1902 700 dominice
1924 670 2158 708 subsequentis,

1204 725 1376 754 missarum
1394 723 1547 753 misteriis
1566 723 1621 762 [iu]
1641 724 1784 761 Virginis
1799 723 1935 761 gloriose
1953 723 2082 752 basilica
2099 722 2161 752 sol-

1203 777 1375 816 lempniter
1384 776 1561 812 celebratis,
1572 778 1740 805 revertitur
1749 786 1821 805 cum
1835 776 1972 814 tripudio
1981 781 2158 805 coronatus.

1203 830 1296 860 Feria
1312 830 1440 868 quidem
1458 830 1596 858 secunda
1615 830 1646 858 in
1666 829 1757 858 Albis
1773 830 1804 857 in
1825 829 1960 867 predicta
1977 829 2057 858 beati
2075 829 2159 858 Petri

1204 883 1345 918 basilica,
1366 882 1486 911 divinis
1503 883 1673 911 missarum
1690 882 1804 911 officiis
1824 887 2003 911 reverenter
2020 881 2162 920 expletis,

1205 936 1325 975 duplici
1357 935 1536 964 diademate
1566 940 1736 964 coronatus
1764 936 1822 964 snb
1848 935 1979 973 fulgoris
2004 935 2107 973 specie
2130 936 2163 964 in

1205 989 1367 1020 Cherubin
1391 989 1636 1026 transfiguratus
1659 993 1837 1026 aspectum,
1858 989 1941 1016 inter
1959 993 2164 1026 purpuratam

1207 1041 1442 1072 venerabilium
1459 1041 1687 1078 cardinalium,
1709 1040 1899 1079 prelatorum
1925 1047 1953 1069 et
1976 1040 2164 1070 clericorum

1208 1095 1392 1125 comitivam
1418 1096 1642 1129 innumeram,
1670 1093 1852 1131 insignibus
1875 1093 2037 1131 papalibus
2060 1102 2165 1131 prece—

1209 1148 1375 1184 dentibus,
1400 1156 1480 1186 eqno
1501 1148 1534 1176 in
1559 1147 1663 1176 faleris
1683 1146 1831 1185 pretiosis
1856 1151 1981 1175 erectus
2010 1156 2062 1184 per
2084 1146 2168 1176 alme

1211 1201 1309 1232 Urbis
1325 1200 1473 1230 miranda
1490 1200 1597 1229 menia
1613 1204 1700 1238 pater
1720 1200 1816 1229 Urbis
1837 1203 1866 1229 et
1886 1199 1979 1229 Orbis
2001 1199 2169 1228 deducitur

1210 1254 1441 1285 ammirandus.
1462 1254 1545 1283 Hinc
1561 1253 1685 1283 cantica
1700 1256 1909 1290 concrepant,
1928 1252 2001 1281 inde
2021 1253 2169 1290 preconia

1212 1306 1501 1347 populijubilantis
1524 1310 1698 1343 exsurgunt
1719 1309 1748 1334 et
1769 1315 1823 1344 per
1846 1305 1930 1335 vicos
1946 1304 2089 1342 singulos
2107 1304 2169 1334 cla-

1211 1370 1337 1390 mosum
1357 1366 1482 1389 resonat
1501 1359 1725 1398 Kyrieleis0n;
1744 1360 1850 1387 aureis
1865 1358 2087 1396 argenteisque
2103 1357 2170 1396 pla-

1213 1418 1260 1444 tea
1276 1413 1485 1452 distinguitur
1507 1413 1619 1451 tapetis
1641 1413 1731 1450 pictis
1756 1422 1789 1441 ex
1816 1412 1936 1450 Egypto
1959 1416 2123 1450 prostrata,
2141 1416 2170 1440 et

1215 1467 1320 1496 tinctis
1343 1466 1435 1495 lndie
1453 1465 1620 1504 Gallieque
1641 1465 1799 1494 coloribus
1821 1465 1966 1494 ordinate
1988 1464 2170 1502 composita,

1213 1520 1415 1549 diversorum
1442 1522 1620 1548 aromatum
1644 1519 1798 1547 suavitate
1818 1517 1979 1555 flagrabat.
2010 1517 2172 1546 Tubarum

1214 1573 1362 1610 clangore
1380 1572 1471 1601 turba
1485 1572 1676 1605 concutitur,
1692 1580 1724 1600 se
1740 1571 1881 1600 certatim
1896 1570 2088 1599 clamoribus
2106 1580 2173 1599 mu-

1217 1627 1278 1655 tuis
1292 1625 1497 1654 exhortando.
1515 1624 1646 1653 Judices
1662 1629 1691 1653 et
1709 1623 1895 1652 tabelliones
1910 1623 1994 1661 capis
2012 1623 2174 1660 fulgebant

1216 1680 1343 1715 sericis,
1370 1679 1475 1708 aureis
1502 1678 1645 1708 vestibus
1670 1677 1795 1715 legione
1821 1685 1984 1715 procerum
2011 1676 2172 1713 decorata;

1216 1732 1392 1762 Grecorum
1409 1735 1438 1761 et
1453 1731 1651 1760 Hebreorum
1668 1729 1817 1759 catherva
1834 1738 1897 1758 non
1916 1729 2039 1758 modica
2056 1729 2175 1758 Christi

1216 1785 1335 1815 vicario
1354 1785 1420 1814 suis
1441 1784 1561 1821 linguis
1581 1787 1610 1812 et
1632 1783 1745 1811 ritibus
1763 1781 1867 1811 laudis
1885 1782 1996 1811 munia
2017 1781 2174 1820 persolve-

1217 1840 1309 1875 bant,
1328 1842 1357 1867 et
1378 1837 1510 1877 puerilis
1531 1837 1639 1873 lingue
1656 1835 1826 1873 garrulitas
1849 1835 1991 1873 procacia
2014 1834 2177 1863 sescennia

1218 1892 1376 1922 cantabat.
1400 1891 1513 1929 Sicqne
1537 1889 1724 1919 incredibili
1751 1888 1955 1917 multitudiue
1973 1887 2079 1926 populi
2103 1896 2175 1917 cum

1222 1946 1334 1985 palmis
1363 1950 1392 1973 et
1421 1944 1566 1977 floribus,
1597 1943 1784 1980 precedente
1810 1945 1954 1971 senatore
1979 1950 2014 1970 ac
2043 1940 2178 1979 prefecto

1221 1999 1317 2029 Urbis
1334 1997 1481 2031 almifice,
1503 2005 1566 2025 non
1586 2005 1676 2034 equis
1698 1995 1813 2024 evectis
1836 1999 1882 2023 set
1900 1994 2033 2032 pedibus
2050 1993 2178 2031 pontifi-

1219 2052 1296 2082 calis
1315 2051 1389 2089 equi
1404 2050 1469 2079 lora
1487 2049 1698 2084 trahentibus,
1714 2048 1773 2077 sub
1787 2047 1925 2077 arcuatis
1942 2047 2115 2085 platearum
2134 2055 2179 2076 or-

1221 2105 1352 2135 dinibus
1369 2104 1557 2132 micantium
1577 2102 1729 2140 sydernm
1750 2100 1986 2129 immitantibus
2005 2100 2178 2137 specimen,

1222 2167 1312 2187 sexor
1334 2156 1451 2185 sanctis
1468 2156 1503 2194 (?)
1530 2155 1751 2184 sanctissimus
1768 2153 1951 2192 perducitur
1976 2152 2178 2181 Lateranum.

1262 2212 1290 2240 5.
1315 2227 1354 2230 —
1382 2210 1522 2238 Decurso
1550 2216 1622 2236 vero
1646 2207 1763 2236 ibidem
1792 2206 1940 2243 temporis
1970 2205 2078 2243 spatio,
2107 2204 2182 2242 quia

1223 2263 1361 2293 Romani
1390 2262 1470 2290 aeris
1496 2264 1639 2299 suspecta
1666 2259 1803 2289 conditio
1829 2259 1976 2295 langores
2002 2258 2183 2287 minabatur

1223 2317 1348 2353 estivos,
1366 2316 1470 2354 primo
1485 2314 1535 2343 sui
1549 2313 1726 2352 presulatus
1741 2321 1825 2341 anno
1841 2316 1937 2341 estate
1954 2311 2077 2340 media¹
2099 2310 2183 2339 venit

1223 2369 1430 2407 Anagniam,
1463 2368 1598 2396 fratrum
1626 2364 1808 2396 venerando
1836 2364 1968 2402 collegio
1995 2364 2180 2397 comitatus,

1225 2424 1277 2453 ubi
1296 2422 1440 2461 proximo
1464 2429 1573 2450 mense
1589 2419 1797 2458 septembris2
1813 2418 2048 2448 ordinationem
2066 2416 2183 2445 iaciens

1223 2477 1260 2506 de
1287 2477 1422 2505 fratrum
1448 2473 1610 2504 voluntate
1634 2472 1800 2502 communi
1828 2472 2037 2501 Sabinensem
2067 2470 2186 2499 creavit

1225 2531 1423 2568 episcopum,
1454 2527 1578 2556 duobus
1605 2525 1800 2564 presbyteris
1827 2529 1857 2554 et
1880 2524 2069 2553 diaconibus
2096 2522 2183 2552 ordi-

1224 2583 1325 2619 natis,
1354 2582 1461 2620 ibique
1489 2585 1640 2618 sequente
1667 2579 1809 2617 proximo
1834 2578 1910 2607 festo
1936 2576 2105 2606 Michaelis
2129 2585 2182 2605 ar-

1224 2635 1388 2674 changeli,
1414 2635 1447 2664 in
1472 2634 1583 2671 majori
1611 2632 1741 2662 ecclesia
1767 2630 2004 2670 pontificalibus
2034 2629 2178 2663 indutus,

1224 2699 1261 2720 ex
1280 2697 1366 2718 more
1378 2687 1601 2717 assistentibus
1615 2684 1854 2714 venerabilibus
1870 2683 2022 2712 fratribus
2037 2682 2184 2712 cardina-

1224 2743 1326 2778 libus,
1356 2739 1620 2779 archiepiscopis,
1650 2743 1680 2767 et
1708 2737 1783 2767 aliis
1810 2736 2016 2766 ecclesiarum
2045 2734 2183 2773 prelatis,

1224 2871 1246 2896 1.
1264 2869 1311 2895 Au
1327 2870 1575 2894 connnencement
1590 2866 1624 2890 de
1636 2865 1712 2899 juin.
1733 2863 1789 2889 D'es
1804 2863 1828 2888 le
1845 2863 1857 2888 ἰ’
1873 2862 1936 2896 juin
1955 2861 2081 2893 (Po-ira„
2097 2860 2184 2892 7025),

1187 2927 1234 2945 ses
1248 2918 1349 2944 lettres
1365 2921 1431 2942 sont
1447 2916 1544 2941 datees
1560 2913 1715 2947 d'Anagni.

1221 2968 1247 2994 ⁶2.
1276 2966 1312 2992 Le
1339 2965 1447 2992 sanicdi
1477 2964 1528 2990 des
1557 2961 1801 2995 Quatre-Temps
1830 2959 1965 2987 tombait,
1994 2967 2027 2983 cn
2061 2958 2135 2983 1222.
2163 2957 2187 2982 le

1189 3017 1220 3043 18
1236 3015 1409 3050 septembre.
