2465 3582
209 338 246 367 62

246 404 336 430 eidem
356 404 457 429 rectori
474 404 515 429 vel
530 404 593 437 ejus
610 403 797 429 familiaribus
813 403 952 437 parebunt
964 404 989 429 in
1004 403 1059 429 hiis
1075 403 1209 428 omnibus

244 460 299 486 quc
325 452 571 478 committerentur
594 451 685 477 eidem
709 455 736 477 et
758 450 820 477 aliis
843 451 1073 485 quibuscumque
1096 451 1209 477 nunciis

246 504 273 526 et
289 500 454 526 officialibus
471 500 610 533 eligendis
627 507 677 525 seu
694 499 923 526 transmittendis
935 504 1064 534 utsupra
1088 500 1121 525 Et
1133 499 1209 533 quod

246 549 378 575 inimicos
391 553 417 574 et
431 549 551 574 rebelles
563 553 662 574 sancte
675 549 774 574 matris
785 547 914 575 Ecclesie
930 549 978 583 qui
996 557 1071 574 nnnc
1087 553 1154 575 sunt
1165 548 1208 574 vel

244 599 292 632 qui
310 606 358 631 pro
375 602 500 631 tempore
517 597 621 622 suerint
638 597 784 623 habebunt
808 602 834 623 et
851 598 988 624 tenebunt
1010 607 1058 631 pro
1074 599 1136 623 suis
1152 598 1208 623 ini-

245 647 327 672 micis
343 650 370 671 et
387 646 540 671 rebellibus
552 646 690 679 ipsosque
708 646 920 679 quomodolibet
938 651 1156 680 persequentur.
1175 645 1209 672 Et

246 694 343 720 fideles
359 698 385 719 et
401 694 520 720 devotos
535 693 609 720 dicte
626 698 724 720 sancte
742 695 841 720 matris
858 694 987 721 Ecclesie
1003 704 1051 729 pro
1064 695 1164 720 amicis
1181 698 1207 720 et

248 744 335 768 sociis
347 742 492 768 habebunt
504 746 531 768 et
544 742 715 776 reputabunt
728 746 755 768 et
771 743 850 777 ipsos
865 744 933 769 totis
950 744 1209 777 viriliusjutu-ibunt

247 797 274 817 et
289 792 416 825 ipsorum
435 795 540 817 statum
558 791 719 817 deffendent
738 795 766 817 et
785 792 1021 825 augmentabunt.
1039 792 1073 818 Et
1088 801 1208 825 genera-

245 839 308 865 liter
325 839 463 870 honores,
482 838 636 872 dignitates
653 843 680 865 et
692 840 914 873 jurisdictiones
930 841 997 866 ‹licti
1014 841 1119 866 domini
1138 850 1208 875 pape

244 892 271 914 et
286 888 414 914 Romane
428 888 550 914 ecclesie
565 891 593 914 et
605 888 822 915 succedentium
840 889 1032 923 predictorum
1044 889 1207 920 defendent,

244 936 392 970 augebunt
423 941 451 962 et
481 936 712 970 quibuscumque
741 937 887 963 favoribus
918 942 1126 972 prosequentur
1156 946 1207 963 nec

244 985 390 1019 aliquibus
415 984 578 1011 infidelibus
602 985 791 1013 adherebunt.
815 985 849 1012 Et
874 995 888 1011 a
909 991 1063 1020 potestate,
1087 987 1208 1020 juridic-

244 1034 323 1060 tione
345 1033 413 1059 dicti
437 1033 543 1060 domini
568 1042 638 1068 pape
661 1038 689 1060 et
712 1033 839 1060 Romane
858 1035 979 1061 ecclesie
1000 1040 1027 1060 et
1050 1035 1208 1061 succeden-

243 1084 315 1109 tium
337 1083 365 1108 in
382 1082 480 1108 eadem
497 1086 529 1108 ut
543 1090 631 1116 supra
652 1086 791 1118 perpetuo
814 1091 868 1109 non
889 1083 1046 1109 discedent.
1065 1085 1107 1109 Ac
1123 1083 1206 1109 etiam

243 1131 277 1158 ad
294 1131 449 1166 petendum
467 1134 495 1157 et
510 1132 656 1158 humiliter
672 1131 747 1158 dicto
764 1133 877 1158 nomine
893 1132 1102 1166 impetrandum
1118 1136 1146 1158 et
1162 1133 1208 1158 ob-

245 1179 394 1207 tinendum
415 1188 431 1206 a
453 1180 562 1214 prefato
583 1180 767 1207 sanctissimo
784 1184 862 1215 patre
882 1181 997 1207 domino
1014 1190 1084 1216 papa
1104 1185 1130 1207 et
1148 1180 1207 1207 Ro-

243 1238 327 1256 mana
342 1229 465 1256 ecclesia
486 1229 562 1264 quod
583 1230 674 1264 ipsam
695 1230 839 1256 civitatem
860 1235 887 1256 et
910 1230 1070 1257 districtum
1087 1234 1114 1256 et
1129 1230 1208 1256 cives

244 1282 272 1306 et
293 1278 486 1305 districtunles
509 1279 639 1312 ejusdem
662 1279 764 1305 debeat
786 1279 820 1305 de
843 1279 936 1313 ipsius
959 1280 1041 1306 solita
1058 1280 1208 1306 clementia

246 1328 373 1362 recipere
389 1331 416 1353 et
432 1331 528 1353 tenere
545 1331 683 1362 perpetuo
699 1328 752 1354 sub
769 1336 821 1354 sua
832 1328 1033 1362 jurisdictione
1050 1333 1077 1354 et
1094 1333 1206 1363 protec-

246 1376 338 1408 tione,
356 1377 394 1402 ita
409 1376 485 1410 quod
502 1380 638 1410 perpetuo
655 1377 850 1410 temporaliter
865 1377 1016 1410 subjacere
1029 1385 1082 1403 non
1097 1378 1208 1411 possint

245 1425 289 1451 vel
305 1425 426 1451 debeant
437 1425 518 1451 alteri
534 1433 617 1459 quam
635 1425 689 1459 ipsi
708 1425 823 1451 domino
841 1434 911 1460 pape
928 1429 955 1451 et
971 1425 1099 1451 Romane
1115 1425 1207 1452 eccle-

244 1474 286 1500 sie
300 1478 328 1500 et
345 1477 375 1500 ut
390 1482 477 1508 supra
493 1474 717 1500 succedentibus
735 1475 762 1500 in
780 1474 878 1500 eadem
895 1478 922 1500 et
939 1475 1031 1508 ipsius
1047 1475 1148 1508 legatis
1165 1475 1207 1500 vel

245 1523 309 1549 aliis
334 1523 440 1557 quibus
464 1523 526 1557 ipse
555 1522 690 1548 dominus
715 1531 788 1557 papa
812 1527 839 1549 et
865 1522 993 1549 Romana
1018 1523 1139 1549 ecclesia
1165 1524 1207 1549 vel

244 1571 434 1598 succedentes
460 1574 489 1597 ut
512 1579 599 1605 supra
622 1580 674 1597 suo
700 1572 813 1598 nomine
832 1572 1023 1598 committeret
1045 1571 1208 1606 supradicta

244 1620 357 1646 nomine
379 1619 471 1654 ipsius
493 1619 622 1645 Romane
644 1620 765 1646 ecclesie
787 1623 815 1646 et
835 1628 884 1654 pro
906 1628 938 1645 ea
960 1621 1132 1651 exercenda,
1158 1620 1209 1646 ha-

245 1669 336 1695 benda
353 1672 381 1694 et
397 1669 556 1696 retinenda:
571 1669 608 1695 ita
620 1672 713 1695 tamen
731 1669 806 1703 quod
823 1670 952 1704 exceptis
963 1670 1118 1704 apostolice
1130 1669 1208 1696 sedis

246 1717 347 1751 legatis
365 1717 412 1751 qui
433 1717 491 1743 sint
509 1717 542 1743 de
558 1717 658 1748 latere,
675 1718 767 1752 ipsius
783 1718 907 1744 civitatis
923 1722 951 1744 et
966 1718 1115 1744 districtus
1132 1719 1206 1752 regi-

244 1774 308 1793 men
325 1766 465 1792 committi
482 1774 535 1792 non
551 1766 651 1792 debeat
665 1767 749 1793 alicui
766 1767 880 1793 habenti
893 1768 918 1793 in
937 1767 1104 1793 Lonibardia
1119 1768 1209 1793 alicu-

241 1815 291 1849 jus
303 1814 427 1840 civitatis
444 1814 602 1840 dominium
619 1815 661 1840 vel
678 1815 816 1849 regimen.
832 1815 867 1841 Et
883 1816 915 1841 ad
933 1820 1026 1842 cetera
1041 1816 1135 1842 omnia
1152 1817 1206 1842 im-

244 1863 380 1898 petranda
407 1867 436 1889 et
460 1863 612 1889 obtinenda
638 1864 672 1889 ab
697 1865 760 1898 ipso
788 1864 902 1890 domino
928 1873 999 1899 papa
1024 1868 1052 1890 et
1079 1864 1208 1891 Romana

245 1913 367 1939 ecclesia
382 1921 437 1946 que
452 1913 478 1938 in
492 1912 628 1947 predictis
645 1913 808 1939 necessaria
824 1913 989 1939 viderentur
1001 1914 1043 1939 vel
1056 1922 1111 1947 que
1129 1913 1208 1939 vide-

245 1961 354 1987 buntur
369 1961 478 1987 eisdem
496 1961 616 1987 sindicis
633 1961 847 1995 quomodolibet
865 1962 1010 1996 expedire.
1024 1961 1056 1987 Et
1074 1963 1158 1987 etiam
1175 1962 1209 1988 ad

244 2009 467 2044 promittendum
485 2014 558 2036 etse
575 2010 650 2036 dicto
668 2011 781 2036 nomine
798 2011 981 2045 obligandum
998 2011 1074 2037 <licto
1092 2011 1207 2037 domino

245 2067 316 2094 pape
340 2058 415 2084 dicto
440 2059 555 2084 nomine
583 2059 618 2084 de
639 2059 731 2096 „firmis
753 2063 780 2085 et
803 2060 872 2085 ratis
898 2059 1051 2093 habendis,
1076 2059 1208 2086 tenendis

245 2113 274 2134 et
292 2107 479 2133 observandis
495 2108 629 2133 omnibns
650 2111 677 2133 et
697 2108 820 2142 singulis
835 2108 1008 2142 supradictis
1024 2112 1051 2134 et
1066 2108 1129 2134 aliis
1145 2109 1210 2142 qui-

244 2157 424 2190 buscumque
448 2156 482 2182 de
507 2156 612 2190 quibus
635 2158 822 2183 convenerint
842 2165 906 2183 cum
928 2157 1027 2183 eodem
1046 2161 1074 2183 et
1098 2165 1154 2191 que
1179 2158 1207 2183 in

243 2205 445 2232 instrumentis
471 2205 504 2230 de
531 2205 666 2239 predictis
691 2205 793 2231 fiendis
816 2210 996 2240 apponentur
1021 2209 1049 2231 et
1073 2206 1140 2231 fient
1164 2206 1207 2231 vel

243 2253 456 2288 quomodolibet
480 2254 653 2285 inserentur⁷
678 2257 706 2280 et
732 2252 766 2280 de
787 2263 843 2280 non
860 2254 1000 2280 veniendo
1023 2254 1065 2279 vel
1087 2262 1141 2280 non
1167 2255 1207 2281 fa-

243 2302 345 2329 ciendo
362 2306 461 2328 contra
473 2302 599 2337 predicta
614 2303 655 2329 vel
668 2303 780 2337 aliquod
794 2303 995 2337 predictorum¹
1009 2312 1099 2337 eaque
1113 2303 1209 2329 omnia

242 2351 422 2379 observando
438 2352 492 2377 sul)
510 2359 582 2386 pena
598 2352 697 2378 decem
711 2352 830 2378 millium
847 2353 1027 2379 marcharum
1039 2353 1150 2387 argenti
1163 2357 1207 2379 to-

242 2401 317 2427 tiens
334 2400 537 2426 committenda
555 2404 582 2426 et
605 2400 747 2435 exigenda
769 2404 799 2427 et
818 2401 947 2427 Romane
968 2402 1091 2428 ecclesie
1113 2402 1206 2436 appli-

242 2449 332 2476 canda
344 2449 479 2483 quotiens
495 2449 522 2475 in
540 2449 663 2483 singulis
677 2453 704 2476 et
721 2458 771 2484 pro
787 2450 911 2484 singulis
926 2451 1060 2485 capitulis
1076 2454 1104 2477 et
1118 2459 1207 2477 mem-

242 2498 303 2525 bris
322 2498 407 2524 suerit
430 2498 649 2524 contrafactum
668 2499 710 2524 vel
728 2507 783 2524 non
804 2499 888 2525 suerit
907 2499 1108 2531 observatum;
1130 2503 1158 2525 et
1174 2508 1207 2525 ea

242 2547 366 2574 comissa
387 2547 430 2572 vel
453 2555 524 2577 non,
547 2546 752 2573 nichilominus
774 2548 854 2573 firma
883 2552 1016 2574 maneant
1035 2549 1129 2574 omnia
1156 2557 1207 2574 su-

242 2595 378 2631 pradicta,
400 2598 428 2621 et
447 2595 500 2620 sub
519 2603 590 2629 pena
609 2596 751 2629 generalis
772 2595 916 2622 interdicti
938 2596 1013 2622 dicte
1035 2597 1158 2623 civitatis
1180 2600 1207 2623 ct

242 2644 391 2671 districtus
411 2652 496 2678 quam
517 2644 643 2670 incidant
662 2644 725 2678 ipso
746 2644 831 2671 facto.
854 2644 889 2671 Et
905 2644 938 2671 ad
955 2645 1139 2679 obligandum
1156 2654 1206 2680 pro

242 2692 379 2729 predictis
395 2692 529 2718 omnibus
541 2692 669 2726 predicto
685 2693 800 2719 domino
817 2702 887 2728 pape
899 2693 974 2720 dicto
988 2695 1101 2720 nomine
1113 2695 1207 2721 omnia

242 2742 316 2768 bona
333 2741 400 2767 dicti
419 2742 580 2767 communis
596 2745 624 2767 et
641 2741 837 2768 universitatis
854 2746 882 2768 et
901 2742 1089 2776 singularium
1109 2752 1207 2778 porso-

243 2798 344 2818 narum
360 2789 387 2815 in
403 2789 636 2824 quibuscumque
656 2790 726 2816 locis
743 2790 884 2819 existant:
901 2799 956 2825 que
973 2791 996 2817 si
1013 2795 1112 2817 contra
1129 2792 1208 2818 fieret

242 2839 286 2865 vel
309 2847 365 2865 non
387 2839 618 2869 observarentur,
637 2839 763 2873 predicta
782 2839 856 2866 dicte
877 2843 1061 2866 sacrosancte
1078 2840 1206 2867 Romane

243 2888 365 2914 ecclesie
380 2888 441 2922 ipso
457 2887 530 2913 facto
550 2887 746 2913 confiscentur
761 2891 789 2913 et
807 2888 996 2922 applicentur.
1013 2888 1056 2914 Ac
1073 2889 1156 2915 etiam
1172 2889 1206 2915 ad

243 2935 469 2964 renunciandum
494 2936 521 2961 in
543 2935 679 2970 predictis
704 2936 838 2961 omnibus
864 2935 1011 2970 privilegio
1036 2937 1103 2969 sori,
1128 2936 1206 2963 feriis

243 2985 478 3020 quibuscumque
499 2988 526 3010 et
546 2984 592 3010 alii
615 2984 786 3018 cuicumque
803 2984 879 3017 juris
899 2985 1020 3017 auxilio,
1038 2988 1066 3011 et
1085 2985 1118 3011 ad
1136 2985 1206 3011 sub-

1288 2787 1415 2814 Jacobus
1430 2787 1465 2813 de
1481 2787 1601 2820 Strittis,
1618 2787 1711 2813 miles.

1287 2836 1434 2863 Johannes
1450 2836 1484 2862 de
1501 2836 1607 2862 Lando.

752 337 802 366 LE
826 337 969 366 LIBER
993 336 1226 366 CENSUUM
1249 336 1303 365 DE
1326 326 1512 366 L’EGLISE
1537 336 1746 366 ROMAINE.

1326 402 1495 428 mittendum
1512 411 1543 428 se
1559 403 1635 428 (licto
1653 404 1767 429 nomine
1784 404 1810 429 in
1829 403 1964 437 predictis
1978 408 2006 430 et
2021 412 2071 438 pro
2088 404 2224 439 predictis
2236 413 2291 431 om-

1326 451 1412 477 nibus
1422 451 1630 484 jurisdictioni,
1643 452 1801 485 cognitioni
1813 455 1840 478 et
1849 451 2009 478 diffinitioni
2020 452 2095 479 dicte
2109 458 2291 479 sacrosancte

1325 499 1454 525 Romane
1471 500 1594 526 ecclesie
1610 504 1638 526 et
1654 500 1723 526 dicti
1738 500 1847 527 domini
1863 508 1935 535 pape
1951 503 1978 526 et
1993 501 2210 528 succedentium
2226 510 2290 536 pre-

1325 547 1476 574 dictorum.
1493 548 1563 574 {tem
1580 548 1613 574 aul
1627 548 1782 582 jurandum
1794 549 1822 575 in
1835 549 1985 575 animabus
1996 553 2024 575 et
2039 557 2126 584 super
2141 549 2291 576 animabus

1324 596 1453 631 ipsorum
1470 601 1498 622 et
1520 597 1674 631 cujuslibet
1693 597 1726 623 de
1748 597 1810 632 ipso
1826 598 1946 624 consilio
1963 602 1991 624 et
2007 598 2193 624 universitate
2209 607 2241 625 ac
2256 598 2290 624 de

1325 644 1401 671 dicta
1417 645 1531 671 civitate
1543 649 1570 671 et
1585 646 1717 671 districtu
1731 645 1861 679 ejusdem
1874 645 1909 671 de
1920 646 2021 672 stando
2036 650 2063 672 et
2076 646 2200 680 parendo
2212 654 2292 672 man-

1326 693 1399 719 datis
1416 694 1553 727 predictis
1567 699 1594 720 et
1611 694 1646 719 de
1659 694 1788 720 faciendo
1800 698 1828 720 et
1843 694 2021 721 observando
2032 695 2127 721 omnia
2138 700 2167 722 et
2179 695 2291 729 singula

1325 743 1489 777 supradicta
1505 748 1533 769 et
1550 744 1584 769 de
1602 752 1657 769 non
1672 748 1771 770 contra
1787 744 1916 770 faciendo
1931 745 1974 770 vel
1991 744 2130 770 veniendo
2148 753 2198 778 per
2218 744 2290 770 viam

1326 792 1520 818 restitutionis
1537 793 1563 818 in
1584 793 1728 827 integrum
1748 793 1790 818 vel
1809 793 1862 819 alia
1880 801 2061 827 quacumque
2077 794 2121 819 via
2138 793 2180 819 vel
2197 793 2289 824 modo,

1327 849 1362 867 ex
1380 849 1467 867 causa
1487 841 1582 867 damni
1606 841 1707 867 modici
1730 842 1771 867 vel
1789 842 1930 873 enormis,
1944 842 2024 875 vilsl,
2042 846 2149 875 metus,
2168 849 2218 867 seu
2239 841 2292 867 alia

1325 897 1506 924 quacumque
1519 891 1626 916 ratione
1639 891 1680 916 vcl
1694 898 1790 916 causa.
1803 890 1845 916 Ita
1858 890 1933 924 quod
1946 890 1998 916 hec
2009 890 2152 924 generalis
2164 890 2291 916 clausula

1326 941 1435 964 tantum
1454 938 1544 964 valeat
1560 942 1587 964 et
1604 938 1720 973 perinde
1737 939 1873 964 habeatur
1890 946 1922 964 ac
1939 938 1964 964 si
1979 938 2013 964 de
2029 938 2163 964 omnibus
2175 938 2291 964 casibus

1326 988 1374 1021 qui
1386 986 1442 1013 dici
1459 991 1577 1022 possent
1591 987 1632 1012 rel
1647 987 1805 1021 excogitari
1820 987 1866 1013 hic
1878 987 1960 1013 fieret
1973 987 2079 1012 mentio
2094 987 2240 1021 specialis.
2258 986 2292 1012 Et

1326 1036 1498 1069 generaliter
1508 1036 1540 1061 ad
1552 1044 1652 1061 omnes
1662 1041 1690 1061 et
1701 1035 1831 1069 singulas
1843 1035 2061 1069 promissiones,
2074 1036 2289 1064 conventiones,

1326 1084 1520 1118 obligaciones
1538 1084 1628 1110 reales
1644 1088 1671 1110 et
1688 1084 1870 1118 personales,
1889 1083 2126 1109 renunciaciones
2143 1091 2289 1117 penarum,

1326 1133 1503 1167 adjectiones
1526 1134 1738 1166 cujuscumque
1759 1133 1942 1166 quantitatis,
1967 1135 2048 1166 pacta
2072 1136 2100 1158 et
2116 1133 2290 1166 juramenta,

1325 1182 1401 1208 dicto
1427 1183 1541 1208 nominc
1564 1182 1708 1208 faciendas
1730 1185 1758 1208 et
1777 1181 1908 1208 facienda
1929 1189 1980 1207 seu
2006 1181 2160 1216 prestanda
2180 1182 2208 1208 in
2231 1182 2292 1207 ani-

1325 1231 1427 1257 mabus
1443 1235 1471 1257 et
1487 1239 1573 1265 super
1589 1230 1739 1256 animabus
1756 1230 1948 1265 predictorum
1959 1252 1966 1264 ,
1983 1237 2054 1264 quas
2071 1233 2098 1256 et
2113 1238 2169 1264 que
2184 1230 2210 1256 in
2228 1238 2293 1264 pre-

1326 1279 1411 1306 dictis
1426 1284 1454 1305 et
1469 1280 1545 1306 circa
1560 1279 1687 1314 predicta
1704 1279 1747 1304 vel
1768 1280 1896 1313 ipsorum
1919 1279 2070 1305 occasione
2091 1278 2154 1304 fieri
2173 1277 2292 1313 expedi-

1325 1332 1369 1354 ret
1385 1329 1427 1354 vel
1449 1328 1483 1353 de
1501 1328 1607 1362 quibus
1630 1328 1819 1353 convenerint
1842 1335 1908 1353 cum
1925 1328 1988 1362 ipso
2005 1327 2120 1353 domino
2143 1335 2226 1361 papa,
2249 1326 2293 1352 vel

1325 1384 1381 1410 que
1403 1384 1453 1411 per
1477 1376 1556 1410 ipsos
1576 1376 1705 1402 sindicos
1727 1380 1850 1410 agentur
1869 1380 1897 1403 et
1915 1376 1985 1402 fient
2007 1380 2036 1402 et
2055 1384 2110 1410 que
2133 1376 2159 1402 in
2184 1375 2292 1402 instru-

1326 1429 1421 1451 mento
1437 1424 1471 1450 de
1484 1424 1619 1458 predictis
1631 1424 1725 1450 fiendo
1742 1428 1921 1458 apponentur
1933 1432 1984 1450 seu
1998 1425 2160 1450 inserentur
2172 1424 2205 1450 de
2215 1425 2291 1458 jure,

1325 1473 1545 1504 consuetudine,
1562 1474 1604 1498 vel
1621 1473 1654 1499 de
1671 1474 1755 1499 facto.
1774 1473 1882 1499 Dantes
1896 1478 1924 1500 et
1937 1473 2128 1500 concedentes
2139 1474 2165 1499 in
2179 1473 2291 1507 predic-

1325 1522 1364 1548 tis
1380 1526 1408 1548 et
1422 1522 1499 1548 circa
1516 1522 1642 1556 predicta
1658 1526 1687 1548 et
1707 1522 1835 1556 ipsorum
1851 1523 2003 1548 occasione
2019 1522 2104 1548 dictis
2118 1530 2217 1548 eorum
2233 1521 2292 1547 sin-

1326 1571 1398 1597 dicis
1415 1575 1443 1597 et
1458 1571 1574 1597 cuilibet
1590 1579 1688 1597 eorum
1706 1571 1733 1597 in
1750 1571 1874 1597 solidum
1892 1574 1922 1597 ut
1937 1579 2024 1605 supra
2041 1579 2154 1605 purum,
2171 1579 2290 1604 merum,

1326 1621 1488 1647 absolutum
1514 1625 1541 1646 et
1565 1621 1697 1654 generale
1720 1620 1869 1646 arbitrium
1892 1624 1920 1647 et
1944 1620 2107 1646 mandatum
2128 1628 2193 1647 cum
2211 1629 2290 1654 pura,

1326 1678 1413 1702 mera,
1427 1670 1511 1696 libera
1526 1674 1553 1696 et
1567 1670 1692 1703 generali
1704 1669 1960 1700 administratione,
1974 1678 2007 1696 ac
2018 1670 2109 1696 eciam
2124 1670 2248 1704 speciale
2263 1670 2292 1696 in

1326 1719 1441 1745 casibus
1453 1719 1480 1745 in
1492 1719 1599 1752 quibus
1611 1719 1734 1753 speciale
1749 1719 1952 1753 requireretur.
1965 1718 2081 1745 Necnon
2094 1719 2292 1753 promittentes

1325 1766 1411 1793 dictis
1429 1767 1549 1793 sindicis
1565 1771 1592 1793 et
1609 1767 1694 1793 michi
1718 1767 1827 1793 notario
1848 1767 2042 1801 infrascripto,
2067 1771 2164 1801 utpote
2180 1767 2292 1801 publice

1326 1824 1448 1850 persone
1467 1816 1615 1850 stipulanti
1632 1820 1660 1841 et
1676 1816 1826 1850 recipienti
1843 1820 1905 1842 vice
1927 1820 1954 1842 et
1977 1817 2091 1842 nomine
2107 1819 2292 1842 sacrosancte

1325 1865 1400 1891 dicte
1421 1864 1550 1890 Romane
1571 1864 1693 1890 ecclesie
1713 1868 1741 1890 et
1758 1864 1827 1890 dicti
1850 1864 1957 1890 domini
1980 1872 2051 1899 pape
2071 1868 2099 1890 et
2118 1865 2246 1890 omnium
2265 1867 2293 1890 et

1325 1913 1504 1948 singulorum
1521 1921 1643 1947 quorum
1660 1914 1779 1939 interest
1795 1913 1839 1938 vel
1856 1913 1995 1946 intererit,
2013 1916 2151 1947 perpetuo
2169 1912 2250 1938 firma
2265 1915 2293 1938 et

1326 1966 1385 1989 rata
1406 1962 1511 1988 habere
1534 1965 1562 1987 et
1588 1966 1685 1987 tenere
1711 1966 1739 1988 et
1762 1961 1916 1987 observare
1942 1961 2038 1987 omnia
2060 1965 2088 1987 et
2110 1961 2224 1995 singula
2240 1969 2292 1995 ge·

1325 2010 1423 2041 reuda,
1441 2010 1665 2036 administranda
1681 2018 1732 2036 seu
1749 2010 1842 2036 fienda
1863 2018 1913 2044 per
1933 2010 2013 2044 ipsos
2034 2009 2162 2046 sindicos
2181 2009 2209 2035 in
2227 2017 2293 2044 pre-

1325 2058 1409 2085 dictis
1429 2063 1456 2085 et
1472 2059 1547 2084 circa
1564 2058 1690 2092 predicta
1710 2058 1754 2083 vel
1769 2058 1898 2092 ipsorum
1918 2057 2080 2089 occasione,
2098 2061 2126 2083 et
2146 2061 2245 2083 contra
2260 2065 2292 2083 ea

1325 2107 1370 2133 vel
1395 2115 1494 2133 eorum
1515 2106 1628 2140 aliquod
1651 2110 1788 2141 perpetuo
1809 2114 1864 2132 non
1882 2106 1977 2132 facere
1992 2106 2036 2131 vel
2058 2107 2164 2139 venire⁷
2190 2114 2239 2140 per
2261 2113 2292 2132 se

1325 2156 1370 2182 vel
1384 2156 1465 2188 alios,
1487 2155 1515 2181 in
1534 2155 1645 2189 judicio
1663 2156 1706 2181 vel
1722 2158 1816 2186 extra,
1834 2155 1869 2181 de
1881 2156 1948 2189 Jure
1964 2155 2008 2181 vel
2024 2155 2058 2181 de
2074 2155 2163 2188 facto,
2184 2155 2292 2181 directo

1325 2205 1369 2231 vel
1386 2213 1435 2239 per
1448 2204 1606 2238 obliquum,
1621 2211 1672 2230 seu
1689 2204 1743 2230 alio
1759 2211 1874 2238 quoquo
1891 2203 1975 2230 modo
1991 2204 2045 2230 sub
2063 2204 2144 2238 penis
2156 2203 2293 2238 predictis

1325 2256 1353 2279 et
1368 2253 1547 2287 obligacione
1562 2252 1688 2278 omnium
1708 2252 1849 2278 bonorum
1866 2251 1935 2278 dicti
1953 2253 2117 2278 communis
2137 2260 2170 2278 ac
2190 2252 2292 2286 singu-

1325 2302 1425 2328 larium
1444 2301 1636 2335 quarumlibet
1653 2309 1839 2335 personarum
1861 2300 2035 2335 ubicumque
2051 2301 2213 2332 extiterint,
2237 2309 2292 2335 que

1324 2351 1353 2377 in
1381 2358 1480 2377 casum
1507 2350 1668 2385 predictum
1694 2349 1769 2375 dicte
1798 2352 1982 2376 sacrosancte
2009 2349 2139 2375 Romane
2170 2349 2292 2376 ecclesie

1324 2400 1519 2426 confiscentur
1533 2402 1561 2425 et
1575 2398 1766 2433 applicentur.

1360 2448 1422 2481 Que
1438 2448 1532 2474 omnia
1549 2449 1656 2482 actajet
1675 2447 1749 2474 sacta
1769 2447 1886 2473 fuerunt
1908 2447 1936 2473 in
1957 2447 2103 2482 presentia
2119 2447 2292 2475 venerabilis

1324 2498 1377 2524 viri
1396 2497 1504 2524 domini
1527 2497 1666 2523 Arrnandi
1684 2496 1718 2522 de
1735 2495 1847 2531 Fagfis,
1865 2496 1979 2522 Biliomi
1998 2496 2027 2522 in
2050 2497 2174 2523 ecclesia
2195 2496 2292 2523 Claro-

1325 2545 1468 2572 montensi
1483 2545 1690 2576 archidiaconi,
1714 2545 1862 2571 camerarii
1884 2544 1984 2579 prefati
2010 2544 2118 2571 domini
2141 2545 2237 2579 legati,
2264 2545 2291 2570 in

1324 2594 1387 2629 ipsa
1402 2594 1517 2621 civitate
1533 2601 1583 2628 pro
1599 2594 1662 2628 ipso
1678 2593 1771 2628 legato
1787 2592 1954 2619 residentis.

1359 2642 1484 2669 Nomina
1499 2650 1598 2668 eorum
1610 2645 1617 2661 ¹
1630 2642 1680 2676 qui
1696 2642 1887 2669 interfuerunt
1903 2641 2040 2676 predictis
2057 2645 2127 2668 sunt
2141 2641 2206 2668 hec.

1360 2738 1477 2765 Domini

1818 2785 1975 2813 Obertinus
1990 2785 2200 2812 vicedominus.

1819 2834 1992 2862 Franciscus
2008 2834 2175 2862 Gislandus.

1326 2985 1351 3011 1.
1369 2986 1429 3012 Cod.
1447 2993 1462 3019 q
1469 2993 1567 3011 uorum
1574 3005 1580 3012 .
