2455 3560
608 348 658 377 LE
682 348 826 378 LIBER
847 346 1080 378 CENSUUM
1103 347 1157 376 DE
1180 339 1365 377 L'EGLISE
1387 346 1596 377 ROMAINE.
2102 347 2138 376 71

102 427 116 440 s»
137 416 254 441 sratrum
271 415 352 441 nobis
369 423 460 449 nuper
469 414 630 449 expositum
647 414 752 445 extitit,
769 414 804 441 de
820 414 896 441 dicto
907 422 996 441 censu
1013 422 1063 448 pro

103 476 115 488 ι,
136 465 199 490 aliis
214 464 307 490 tribus
322 464 406 490 annis
422 463 610 498 sequentibus
625 468 653 489 et
669 463 856 490 terminandis
872 464 899 490 in
916 463 988 489 festo
1004 463 1063 489 Na-

103 524 116 537 „
137 513 256 539 tivitatis
272 512 414 539 dominice
431 512 548 538 instanti
561 513 689 547 proxime
705 511 799 538 debito
812 512 894 538 nobis
905 516 932 538 et
943 512 1064 538 ecclesie

101 572 114 586 n
136 562 300 596 supradicte
309 561 486 593 satisfacere,
497 560 663 595 dictumque
679 569 796 587 censum
808 560 943 595 deinceps
953 560 1064 586 solvere

103 622 116 634 n
138 611 284 644 perpetuis
301 610 477 644 temporibus
488 609 650 639 annuatim:
667 617 699 635 ac
715 609 859 635 humiliter
875 609 1007 643 petierint
1022 612 1064 635 at-

101 669 115 684 n
137 667 194 693 que
210 662 307 693 petant
321 658 374 684 sibi
391 658 425 683 de
437 657 625 683 absolutionis
641 661 668 683 et
685 657 868 683 relaxationis
880 657 1019 683 beneficio
1030 657 1064 683 ab

105 719 117 731 n
138 707 246 734 eisdem
269 706 574 732 excommunicationis
591 710 618 731 et
642 705 782 732 interdicti
805 706 886 740 penis
902 709 929 731 ct
945 710 1063 731 sentcn-

103 767 116 779 υ
137 756 185 782 tiis
203 764 253 790 per
268 755 365 782 sedem
383 755 566 789 apostolicam
586 754 741 788 provideri;
761 762 812 779 nos
827 754 1064 788 compositionem

102 816 116 827 v»
138 803 315 837 hujusmodi,
335 811 484 837 perquam
509 802 644 836 prefatam
671 810 812 828 cameram
838 802 872 827 de
898 801 1066 836 hujusmodi

104 864 116 876 »
137 860 226 878 censu
253 860 301 886 pro
327 855 386 877 toto
402 851 505 877 effluxo
521 855 586 877 ante
609 851 702 877 dictos
725 855 783 876 tres
799 859 890 877 annos
915 851 941 877 in
965 851 1064 876 eodem

103 911 115 926 υ
139 901 266 935 proxime
277 900 396 926 instanti
407 900 480 925 sesto
489 899 655 925 Nativitatis
667 899 779 925 Domini
791 899 986 925 terminandos
995 904 1064 925 tcm-

104 962 116 973 »ι
139 958 206 983 pore
229 949 362 975 volumus
385 949 557 979 contentari,
584 952 671 974 ratam
695 952 722 974 et
745 953 852 982 gratam
877 948 1016 974 babentes
1038 952 1066 974 et

103 1010 116 1022 n
138 999 222 1024 etiam
253 997 445 1032 approbantes
468 1001 504 1027 et
522 997 724 1022 nichilominus
750 997 856 1022 nostris
885 1000 913 1022 et
936 996 1065 1030 ejusdem

105 1058 117 1070 u
140 1045 269 1072 Romane
285 1046 408 1072 ecclesie
424 1053 511 1079 super
532 1045 588 1070 hiis
610 1045 866 1079 indempnitatibus
883 1045 1066 1079 prefatorum-

105 1107 111 1119 ,
138 1103 193 1129 que
210 1095 399 1121 habitatorum
419 1097 447 1120 ct
462 1094 618 1120 incolarum
635 1093 720 1119 saluti
740 1094 898 1120 animarum
918 1094 1066 1127 providere

104 1153 117 1168 n
138 1143 290 1169 salubriter
305 1143 467 1176 cupientes,
483 1142 652 1168 fraternitati
668 1146 716 1168 tue
727 1150 776 1176 per
791 1143 946 1176 apostolica
959 1143 1067 1176 scripta

105 1204 117 1216 u
139 1192 345 1218 committimus
361 1195 389 1217 et
410 1191 592 1217 mandamus.
614 1192 750 1225 quatinus
771 1196 921 1225 postquam
939 1191 1067 1226 prelibati

106 1252 116 1264 ο
141 1241 314 1267 habitatores
330 1245 357 1266 et
380 1240 472 1266 incole
489 1244 563 1266 terre
580 1240 706 1274 predicte
721 1241 748 1265 in
764 1243 812 1265 tua
828 1239 1067 1266 Wladislarffinsi

105 1300 117 1313 n
139 1289 246 1315 diocesi
262 1289 456 1315 consistentes
477 1288 510 1313 de
526 1288 601 1314 dicto
616 1296 705 1314 censu
730 1296 779 1321 pro
796 1289 888 1314 tribus
902 1289 984 1314 annis
1002 1297 1064 1322 pre-

105 1348 116 1362 υ
140 1338 224 1363 dictis
238 1337 272 1363 ab
289 1338 330 1363 eis
347 1337 428 1363 nobis
444 1340 471 1362 et
483 1336 605 1362 ecclesie
622 1341 775 1363 memorate
791 1337 896 1370 debito,
914 1341 944 1363 ut
959 1338 1066 1372 prefer—

106 1398 118 1410 υ
141 1390 196 1416 tur,
213 1386 264 1412 tibi
282 1390 380 1411 nostro
396 1391 423 1411 ct
439 1385 570 1419 ejusdem
587 1386 708 1411 ecclesie
725 1385 838 1411 nomine
855 1386 1001 1420 recipienti
1018 1394 1065 1412 sa-

140 1435 330 1461 tisfactionem
365 1435 504 1467 integram
535 1434 669 1459 duxerint
701 1434 918 1467 impendendam
933 1457 938 1465 ,
973 1439 1000 1460 et
1032 1435 1067 1460 de

141 1484 277 1510 solvendo
306 1483 482 1510 intem-aliter
507 1490 625 1508 censum
653 1483 747 1516 ipsum
776 1483 952 1516 inposterum
984 1484 1067 1509 annis

141 1580 342 1607 collectoribus
358 1588 407 1614 per
420 1579 516 1605 sedem
534 1579 677 1613 deputatis
689 1588 739 1605 seu
754 1578 924 1613 deputandis
936 1580 1065 1610 eandem,

142 1637 173 1655 se
198 1637 247 1663 per
269 1636 338 1654 suos
361 1628 535 1654 sufficientes
557 1631 757 1661 procuratores
778 1632 806 1653 et
821 1628 948 1654 sindicos
964 1628 998 1654 ad
1014 1629 1068 1655 hoc

107 1688 120 1701 n
142 1677 269 1711 legitime
285 1678 459 1703 constitutos
474 1676 664 1710 obligaverint
682 1676 849 1703 solemniter
863 1681 891 1703 et
906 1677 1066 1709 efficaciter,

104 1445 117 1460 1)

106 1495 119 1508 Υ)

107 1543 119 1556 n
140 1532 264 1565 singulis
288 1532 359 1557 infra
382 1531 603 1563 cadragesimam
631 1531 713 1556 nobis
739 1536 765 1556 ct
790 1531 842 1565 ipsi
869 1531 990 1557 ecclesie
1015 1540 1068 1558 seu

106 1590 118 1605 l>

108 1640 120 1653 l)

107 1738 120 1750 n
138 1727 302 1760 juramento
325 1726 358 1751 ab
383 1725 490 1751 eisdem
513 1725 632 1758 prestito
650 1725 853 1752 nichilominus
869 1726 1022 1760 corporali,
1041 1730 1069 1752 et

107 1786 120 1799 n
141 1775 280 1801 consectis
295 1774 397 1801 exinde
412 1775 612 1801 instrumentis
628 1774 750 1808 publicis
766 1775 869 1801 seriem
886 1776 1068 1809 presencium

107 1834 120 1849 u
141 1823 365 1854 continentibus,
377 1831 433 1857 que
448 1826 497 1849 tuo
513 1831 546 1849 ac
562 1823 691 1857 magistri
707 1826 734 1849 et
745 1828 904 1850 conventus
920 1824 1069 1858 hospitalis

108 1882 121 1898 n
144 1872 263 1907 predicti
289 1880 398 1898 necnon
424 1873 632 1898 comunitatum
657 1873 785 1906 ipsorum
811 1873 839 1898 in
869 1876 917 1898 tua
944 1872 1070 1907 predicta

109 1933 121 1945 n
144 1921 252 1948 diocesi
267 1921 488 1947 consistentium
504 1920 681 1946 communita
696 1920 798 1954 sigillis
815 1920 897 1946 nobis
913 1929 962 1954 per
978 1925 1070 1947 tenna

109 1982 121 1995 »1
143 1979 208 1997 cum
225 1971 281 1996 hiis
293 1979 349 2004 que
364 1970 398 1995 de
412 1969 489 1996 dicto
506 1977 594 1995 censu
607 1970 758 2004 collegeris
774 1970 939 2003 quantotius
950 1971 1071 1996 fideliter

108 2027 120 2042 a
143 2018 383 2047 transmittantur,
407 2017 515 2043 eisdem
541 2016 750 2043 habitatoribus
770 2021 798 2042 et
820 2017 921 2044 incolis
945 2018 1070 2052 predicte

111 2077 122 2089 υ
143 2069 218 2091 terre
234 2066 261 2091 in
278 2070 327 2091 tua
340 2065 448 2091 diocesi
465 2065 719 2098 commorantibus,
732 2065 864 2092 videlicet
875 2066 1071 2100 singularibus

108 2123 122 2139 n
145 2114 275 2148 personis
291 2122 341 2148 per
357 2118 383 2139 te
401 2114 443 2139 vel
463 2114 548 2139 alium
566 2121 617 2139 seu
633 2114 704 2139 alios
723 2113 757 2139 de
780 2114 969 2140 absolutionis
984 2115 1072 2140 bene-

110 2174 123 2186 „
144 2163 209 2189 ficio
221 2164 305 2196 juxta
322 2162 440 2188 sormam
456 2161 586 2188 Ecclesia
602 2162 635 2188 ab
647 2162 754 2188 eisdem
766 2163 1072 2190 excommunicationis

111 2222 124 2235 υ
146 2211 299 2237 sententiis
317 2210 464 2245 providere
481 2211 649 2236 auctoritate
666 2215 775 2242 nostra,
795 2215 823 2237 et
843 2211 992 2237 interdicta
1007 2220 1071 2246 pre—

111 2270 124 2283 n
145 2259 220 2285 dicta
236 2258 264 2285 in
281 2264 384 2289 castra,
399 2259 480 2285 villas
496 2263 524 2284 et
540 2259 624 2292 opida
640 2259 768 2292 ejusdem
786 2264 860 2285 terre
882 2266 965 2294 prout
979 2261 1008 2286 in
1025 2269 1073 2286 ea-

113 2318 124 2332 ι
147 2307 211 2334 dem
245 2312 293 2334 tua
324 2307 489 2333 consistunt
513 2307 621 2333 diocesi
647 2315 804 2341 eorumque
829 2309 1019 2335 comunitates
1045 2314 1074 2336 et

112 2368 126 2382 ω
148 2357 350 2383 universitates
366 2361 481 2391 propter
495 2356 550 2382 hoc
565 2357 694 2390 apposita
710 2357 835 2383 relaxare
850 2366 995 2392 procures,
1007 2366 1073 2385 cum

112 2417 126 2430 n
147 2406 279 2441 personis
295 2405 501 2432 ecclesiasticis
524 2410 597 2431 terre
618 2413 650 2431 ac
672 2410 719 2431 tue
738 2406 862 2432 diocesis
882 2407 1073 2441 predictarum

112 2465 126 2479 n
146 2462 202 2489 que
219 2458 335 2488 propter
352 2454 491 2488 premissa
506 2454 550 2479 vel
565 2462 664 2479 eorum
678 2454 771 2488 aliqua
786 2454 1004 2489 irregularitatis
1016 2464 1076 2482 ma-

115 2514 128 2528 r>
149 2503 242 2529 culam
255 2503 447 2529 contraxerint
459 2502 556 2528 eadem
567 2503 736 2529 auctoritate
753 2503 825 2537 [blac
838 2504 900 2530 vice
915 2504 1075 2531 nichilomi-

113 2562 127 2576 υ
149 2559 204 2578 nus
219 2551 431 2585 dispensando;
449 2550 560 2585 adjecto
581 2555 675 2577 tamen
697 2551 860 2585 specialiter
879 2556 907 2579 et
926 2561 1074 2588 expresse,

114 2611 127 2624 n
148 2600 224 2634 quod
241 2608 293 2626 nos
310 2608 344 2625 ex
363 2607 439 2626 nunc
455 2604 539 2634 prout
554 2608 588 2625 ex
604 2604 674 2626 tunc
693 2600 790 2626 haberi
807 2601 940 2627 volumus
956 2610 1006 2635 pro
1026 2601 1076 2628 ad-

114 2659 128 2673 »
145 2649 236 2683 jecto,
247 2648 322 2682 quod
335 2649 359 2674 si
374 2648 474 2682 prefati
490 2648 665 2674 habitatores
680 2652 708 2674 et
723 2648 814 2674 incole
826 2653 874 2675 aut
886 2650 1076 2676 comunitates

113 2706 127 2722 ο
149 2700 177 2723 et
192 2697 398 2723 universitates
414 2700 489 2723 terre
501 2696 637 2730 jamdicte
657 2697 685 2722 in
707 2696 805 2723 eadem
823 2700 871 2723 tua
885 2697 993 2724 diocesi
1007 2706 1077 2724 con-

114 2756 128 2770 „
149 2745 306 2778 cistentes‚
324 2745 350 2771 in
369 2745 513 2771 solutione
528 2744 597 2771 dicti
617 2753 723 2771 census
742 2745 865 2780 singulis
880 2746 963 2772 annis
977 2746 1077 2782 inpos-

117 2804 130 2818 a»
151 2797 245 2820 terum
268 2793 340 2820 infra
361 2793 518 2827 quamlibet
536 2792 782 2827 quadragesimam
806 2794 1007 2821 collectoribus
1028 2803 1078 2830 per

117 2853 130 2866 ιι
151 2850 206 2868 nos
220 2850 253 2868 ac
267 2842 387 2868 eandem
404 2841 563 2868 Romanam
578 2841 728 2868 ecclesiam
743 2850 831 2876 super
846 2843 915 2877 {hoc}
934 2843 1077 2877 deputatis

116 2901 131 2915 υ
151 2892 196 2917 vel
211 2890 383 2924 deputandis
407 2891 562 2917 deficerent
581 2890 723 2922 facienda,
741 2892 912 2926 compositio
927 2900 961 2919 ac
980 2892 1032 2919 rati
1049 2896 1078 2919 et

116 2949 130 2965 ι
151 2941 227 2974 grati
242 2940 400 2967 habilitatio
423 2944 452 2966 et
470 2940 622 2975 appellatio
642 2940 807 2974 supradicte
826 2948 860 2967 eo
875 2941 938 2976 ipso
954 2949 989 2968 ex
1010 2946 1078 2968 tunc

117 2997 132 3014 ι
152 2987 311 3015 habeantur
332 2996 382 3023 pro
404 2996 461 3015 non
480 2988 564 3015 factis
585 2992 613 3014 et
635 2988 742 3015 nullius
761 2988 886 3015 existant
905 2989 1016 3016 roboris
1034 2990 1078 3017 vel

1179 423 1192 438 ι
1215 413 1360 445 momenti,
1377 413 1502 448 dictique
1525 414 1697 440 habitatores
1719 417 1747 440 et
1769 414 1874 444 incole.
1893 418 1976 449 prout
1991 415 2018 440 in
2035 414 2135 440 eadem

1181 472 1194 485 n
1215 462 1378 488 consistunt
1402 462 1528 493 diocesi,
1554 462 1587 487 ad
1612 461 1725 489 totalem
1751 466 1778 488 et
1802 463 1940 497 integram
1963 462 2136 489 solutionem

1181 519 1194 534 υ
1216 509 1283 536 dicti
1299 517 1405 536 census
1429 518 1477 544 pro
1499 510 1607 536 eisdem
1629 510 1775 536 retroactis
1797 511 1972 545 temporibus
1988 514 2138 537 teneantur

1182 569 1194 581 „
1215 562 1244 584 et
1259 558 1368 584 astricti
1386 563 1557 588 remaneant,
1575 559 1652 585 sicut
1667 559 1756 593 prius,
1774 563 1801 585 et
1817 559 2018 585 nichilominus
2035 560 2061 585 in
2074 567 2139 594 pre-

1181 617 1194 629 »
1216 607 1306 632 dictas
1326 607 1629 633 excommunicationis
1649 611 1677 633 et
1699 607 1841 633 interdicti
1864 615 1951 642 penas
1971 611 1999 633 et
2022 611 2140 633 senten-

1185 665 1198 677 π
1220 655 1274 681 tias
1290 655 1416 681 recidant
1439 656 1500 687 ipso
1523 656 1607 686 sacto,
1623 664 1638 681 a
1658 656 1763 690 quibus
1787 657 1900 691 quidem
1917 657 1998 691 penis
2021 661 2049 682 et
2072 664 2140 682 sen-

1185 715 1196 727 o
1219 704 1316 729 tentiis
1341 704 1548 730 absolutionem
1570 709 1596 730 et
1619 705 1820 731 relaxationem
1846 706 1973 732 obtinere
1998 708 2141 740 nequeant

1184 764 1197 775 n
1218 760 1369 786 quousque
1404 753 1526 787 plenarie
1553 753 1587 779 de
1620 762 1708 779 censu
1739 754 1932 780 satisfecerint
1960 754 2138 789 supradicto.

1185 813 1196 824 n
1219 800 1300 832 Quod
1320 801 1344 827 si
1361 809 1447 827 secus
1463 802 1579 828 forsitan
1598 807 1795 837 presumptum
1813 804 1948 835 extiterit,
1965 803 1991 830 id
2008 812 2042 830 ex
2064 811 2140 830 nunc

1185 861 1196 872 n
1220 849 1332 875 irritum
1358 849 1539 876 decernimus
1561 854 1589 876 et
1614 850 1706 876 inane.
1732 850 1835 877 Datum
1860 852 2018 882 Arinione,
2045 852 2140 878 idibus

1185 909 1197 921 n
1219 898 1391 927 decembris,
1405 898 1586 932 pontificatus
1604 899 1692 924 nostri
1709 908 1782 925 anno
1797 900 1907 925 decimo
1923 904 2033 926 octavo.
2051 912 2063 923 n

1221 946 1355 978 «Quibus
1372 947 1452 973 lectis
1469 951 1496 972 et
1513 947 1665 981 publicatis
1675 951 1701 972 et
1716 947 1879 974 Teutonicis
1895 949 1922 974 in
1939 949 2102 975 theotonico
2114 952 2144 975 et

1185 994 1301 1020 Polonis
1322 996 1348 1021 in
1371 995 1500 1029 polonico
1516 995 1601 1021 etiam
1623 996 1814 1029 interpretatis
1830 1001 1857 1022 et
1872 997 2024 1030 expositis,
2042 1005 2142 1023 omnes

1184 1047 1211 1069 et
1227 1044 1333 1074 sinenti
1355 1043 1389 1069 ad
1410 1044 1598 1069 hortationem
1620 1043 1686 1070 dicti
1704 1045 1830 1077 magistri
1848 1045 1964 1079 predicti
1980 1047 2097 1072 elevatis
2113 1047 2142 1072 in

1184 1093 1275 1118 celum
1294 1092 1425 1118 manibus
1441 1092 1633 1118 clamaverunt
1650 1092 1775 1118 dicentes
1791 1094 1865 1127 quod
1882 1095 1968 1127 parati
1984 1099 2073 1125 erant,
2090 1103 2142 1121 vo—

1183 1142 1279 1167 lebant
1296 1146 1323 1166 et
1340 1141 1540 1175 promittebant
1556 1141 1614 1167 sedi
1631 1142 1786 1175 apostolice
1806 1142 1934 1173 obedire,
1952 1147 1979 1168 et
1994 1143 2142 1170 denarium

1184 1190 1258 1216 beati
1278 1190 1351 1216 Petri
1372 1190 1482 1215 solvere
1498 1189 1655 1215 secundum
1674 1189 1827 1215 litterarum
1846 1191 2033 1224 predictarum
2050 1193 2144 1218 conti-

1185 1238 1313 1264 nenciam
1331 1242 1358 1264 et
1379 1242 1516 1263 tenorem.
1534 1237 1569 1262 Et
1591 1241 1658 1263 tunc
1682 1238 1785 1264 ibidem
1808 1247 1876 1263 suos
1893 1247 1984 1266 veros.
1999 1244 2093 1266 certos
2115 1244 2144 1266 et

1184 1287 1328 1320 legitimos
1348 1286 1474 1312 sindicos
1495 1291 1522 1312 ct
1543 1291 1742 1320 procuratores
1758 1291 1783 1311 ct
1799 1288 1947 1319 generales
1962 1292 1990 1314 et
2005 1289 2144 1322 speciales

1185 1336 1333 1369 elegerunt
1348 1339 1376 1360 et
1391 1335 1616 1365 constituerunt,
1634 1334 1765 1360 videlicet
1782 1334 1947 1361 licor-onem
1964 1336 1997 1361 de
2014 1336 2143 1371 BautOW‚

1184 1384 1354 1410 Nicbolaum
1371 1383 1405 1409 de
1417 1383 1593 1413 Pizechowo,
1606 1382 1780 1409 Gonsnlvum
1797 1384 1903 1409 (lictum
1917 1384 2013 1410 Taditz
2029 1385 2144 1417 milites,

1183 1433 1343 1459 ,Iohannem
1362 1433 1512 1459 scoltetum
1529 1433 1563 1458 de
1581 1431 1717 1458 Dersovia
1735 1437 1762 1458 et
1783 1432 1936 1459 Heni-icum
1959 1434 1993 1459 de
2016 1434 2142 1465 Gdancz,

1185 1487 1212 1509 et
1226 1483 1353 1517 ipsorum
1366 1482 1522 1516 quemlibet
1538 1482 1565 1507 in
1579 1482 1699 1507 solidum
1713 1481 1746 1507 ad
1759 1482 1941 1516 obligandum
1955 1484 2104 1509 efficaciter
2118 1487 2146 1509 et

1186 1531 1381 1565 sollempniter
1395 1539 1445 1564 pro
1462 1530 1534 1565 ipsis
1550 1530 1800 1561 constituentibus,
1820 1531 2014 1565 procuratorio
2030 1532 2144 1558 nomine

1185 1580 1340 1606 eorundem
1357 1583 1464 1612 tenere,
1479 1579 1631 1605 observare
1648 1582 1675 1605 et
1690 1579 1847 1613 approbare
1862 1579 2068 1606 ordinationem
2085 1581 2145 1607 fac-

1185 1634 1240 1655 tam
1257 1630 1340 1663 juxta
1355 1628 1459 1654 seriem
1475 1631 1502 1653 ct
1517 1628 1635 1653 formam
1651 1627 1808 1653 litterarum
1825 1628 2029 1662 predictarum,
2045 1629 2146 1655 dantes

1186 1681 1214 1704 et
1228 1677 1420 1704 concedentes
1434 1676 1541 1702 eisdem
1557 1680 1585 1701 et
1600 1675 1726 1710 ipsorum
1739 1676 1855 1702 cuilibet
1867 1677 1977 1711 plenam
1989 1681 2017 1703 et
2029 1677 2146 1704 liberam

1186 1729 1355 1760 potestatem
1372 1725 1510 1759 premissa
1526 1723 1662 1757 faciendi⁷
1681 1724 1845 1750 ratifficandi
1862 1728 1890 1750 et
1905 1725 2020 1759 jurandi
2039 1727 2066 1752 in
2083 1727 2146 1753 ani-

1186 1783 1247 1800 mas
1264 1775 1390 1809 ipsorum
1406 1777 1433 1799 et
1448 1773 1542 1799 omnia
1557 1773 1609 1799 alia
1626 1772 1746 1799 faciendi
1762 1781 1817 1807 que
1830 1773 1863 1799 ad
1878 1774 2080 1808 obligationem
2092 1775 2147 1801 hu-

1185 1822 1315 1858 jusmodi
1335 1822 1493 1857 pertinent,
1514 1825 1597 1855 prout
1612 1821 1666 1856 ipsi
1682 1826 1800 1855 possent
1815 1822 1907 1848 facere
1923 1823 1948 1848 si
1965 1827 2063 1849 essent
2083 1832 2148 1858 pre-

1187 1876 1295 1898 sentes,
1315 1872 1399 1905 Juxta
1415 1870 1622 1897 ordinationem
1643 1874 1670 1896 et
1689 1870 1800 1896 litteras
1815 1871 2003 1905 supradictas.
2020 1871 2147 1899 Tandem

1187 1929 1252 1947 cum
1269 1919 1345 1946 dicto
1357 1927 1446 1946 censu
1461 1927 1511 1945 seu
1524 1918 1640 1944 denario
1656 1918 1729 1944 beati
1747 1918 1823 1945 Petri
1839 1928 1888 1954 pro
1900 1920 1992 1946 tribus
2007 1921 2149 1947 annisin-

1187 1969 1361 2004 cipientibus
1374 1969 1399 1993 in
1412 1976 1485 1993 anno
1499 1967 1612 1993 Domini
1626 1966 1839 1997 MoCCCXXX,
1852 1972 1880 1994 et
1889 1969 2148 1996 terminantibusin

1187 2026 1260 2044 anno
1270 2017 1400 2051 ejusdem
1410 2015 1658 2042 Mocccxxxm
1668 2016 1879 2042 satisfecissent
1888 2017 2002 2043 domino
2011 2018 2148 2052 episcopo

1187 2064 1695 2098 'XValdislaviensisupradicto,tactis
1702 2065 1886 2098 corporaliter
1896 2067 2087 2093 sacrosanctis
2096 2066 2151 2093 Dei

1188 2114 1364 2148 evrangeliis
1377 2113 1479 2139 ibidem
1494 2120 1588 2138 coram
1605 2112 1680 2138 dicto
1697 2112 1812 2138 domino
1827 2113 1962 2148 episcopo
1976 2115 2151 2148 juraverunt

1188 2167 1216 2189 et
1233 2162 1424 2197 promiserunt
1438 2169 1524 2196 super
1540 2161 1594 2187 hiis
1609 2162 1704 2187 verbis
1721 2171 1726 2186 :
1745 2171 1757 2185 α
1774 2160 1835 2188 Nos
1850 2161 1952 2188 sindici
1967 2166 1995 2188 et
2012 2171 2148 2197 procura-

1189 2223 1202 2235 »
1224 2216 1301 2237 tores
1324 2210 1540 2236 universitatum
1561 2213 1589 2235 et
1609 2209 1812 2240 habitatorum,
1830 2218 1881 2236 seu
1902 2210 2058 2237 incolarum
2075 2215 2150 2237 terre

1190 2272 1202 2284 n
1225 2259 1391 2286 Pomeranie
1406 2257 1495 2292 partis
1510 2257 1634 2283 diocesis
1650 2256 1912 2289 Wlasdilaviensis,
1925 2259 2042 2285 dictioni
2057 2259 2152 2286 domi-

1190 2319 1202 2333 n
1226 2316 1327 2334 norum
1343 2306 1473 2341 magistri
1489 2310 1516 2332 et
1532 2306 1650 2332 fratrum
1663 2306 1696 2331 de
1708 2306 1810 2332 domo¹
1827 2306 2000 2334 Theotonica
2010 2311 2150 2342 tempora-

1189 2367 1203 2381 »
1225 2357 1288 2382 liter
1302 2355 1442 2389 subJecte,
1453 2354 1634 2389 promitimus
1649 2359 1678 2380 et
1689 2356 1822 2388 juramus
1833 2355 1860 2381 in
1872 2355 1982 2382 animas
1994 2360 2107 2383 nostras
2122 2359 2153 2383 et

1190 2415 1202 2430 η
1225 2407 1252 2432 in
1276 2405 1386 2431 animas
1408 2402 1614 2430 comunitatum
1635 2411 1690 2436 que
1710 2411 1763 2429 nos
1778 2404 2005 2439 constituerunt,
2020 2405 2096 2439 quod
2115 2405 2150 2432 ab

1191 2465 1204 2477 n
1226 2454 1277 2480 hac
1292 2453 1361 2479 hora
1382 2453 1410 2478 in
1425 2456 1508 2478 antea
1529 2452 1730 2485 inperpetuum
1747 2452 1906 2478 secundum
1921 2453 2040 2479 formam
2058 2453 2152 2480 dicta-

1191 2513 1203 2527 »
1225 2510 1286 2528 rum
1310 2502 1467 2527 litterarum
1489 2500 1710 2534 apostolicarum
1736 2500 1882 2527 solvemus
1904 2500 2050 2528 denarium
2075 2502 2152 2528 beati

1193 2563 1205 2575 l>
1226 2551 1302 2578 Petri
1319 2549 1442 2584 singulis
1457 2548 1540 2575 annis
1554 2548 1584 2574 in
1603 2547 1822 2582 quadragesima
1841 2553 1953 2576 monete
1975 2550 2084 2577 usualis
2105 2559 2152 2577 se·

1193 2611 1205 2623 n
1226 2599 1351 2626 cundum
1377 2597 1492 2624 modum
1518 2605 1603 2631 quem
1628 2597 1722 2623 incole
1746 2601 1821 2623 terre
1847 2597 1963 2624 Polonie
1987 2602 2015 2625 et
2038 2599 2152 2626 solvere

1192 2660 1205 2673 r,
1226 2651 1439 2675 consueverunt
1458 2646 1592 2673 eundem.
1620 2645 1662 2672 Ita
1683 2654 1735 2672 nos
1761 2645 1840 2672 Deus
1859 2646 1976 2681 adjuvet
2001 2651 2029 2674 et
2053 2652 2153 2675 sancta

1193 2709 1206 2721 n
1228 2696 1281 2723 Dei
1296 2696 1454 2730 evangelia.
1473 2707 1484 2719 n
1501 2694 1536 2721 Et
1557 2694 1760 2721 nichilominus
1783 2695 1857 2721 bona
1879 2695 1933 2721 fide
1958 2697 2154 2731 promiserunt

1193 2753 1246 2772 suo
1267 2753 1301 2771 ac
1321 2751 1526 2771 successorum
1549 2751 1668 2770 suorum
1693 2747 1720 2769 et
1742 2743 1856 2770 nomine
1876 2746 2073 2779 procuratorio
2095 2753 2153 2780 quo

1192 2802 1279 2828 supra
1298 2792 1462 2827 supradicto
1483 2792 1598 2819 domino
1620 2791 1857 2818 Wladislaviensi
1878 2793 2015 2828 episcopo
2038 2794 2154 2820 nomine

1192 2842 1320 2878 predicte
1336 2841 1467 2868 Romane
1483 2840 1607 2868 ecclesie
1622 2841 1762 2875 premissa
1781 2840 1877 2867 omnia
1892 2842 2041 2877 recipienti
2060 2846 2088 2869 et
2103 2842 2154 2869 sti-

1193 2890 1302 2926 pulanti
1311 2912 1317 2922 ‚
1331 2890 1408 2925 quod
1423 2890 1479 2925 ipsi
1493 2890 1603 2916 dictum
1619 2897 1738 2916 censum
1754 2889 1884 2916 Romane
1895 2889 2025 2917 Ecclesie
2037 2898 2072 2917 ex
2083 2894 2157 2918 tunc

1195 2989 1220 3015 1.
1236 2988 1299 3015 God.
1315 2988 1410 3014 donia.
