2423 3540
207 342 258 371 13ss
1145 337 1346 367 ALBINL'S.

244 417 321 441 esse,
343 407 494 445 scriptum
514 407 589 436 illud
610 407 692 445 quod
712 416 762 435 rex
781 415 797 436 a
815 411 915 435 vestra
931 405 1134 443 simplicitate
1152 413 1202 432 ex-

244 461 331 489 torsit
359 460 617 498 dampnzwimus,
642 461 673 488 iu
700 460 804 497 ipsum
833 468 938 495 regem
965 457 1157 487 nominatim
1175 461 1204 484 et

244 512 464 551 sollempniter
489 517 517 541 et
546 512 742 542 unanimiter
772 511 964 541 seutentiam
991 509 1204 539 anathematis

242 566 423 603 injecimus.

283 619 320 647 Et
338 627 435 653 nuuc,
453 618 581 647 domine
601 619 703 653 I'ater,
726 621 875 653 vestram,
895 617 976 645 sicut
993 616 1126 652 dignum
1144 619 1201 649 est,

242 672 436 707 majestatem
458 670 644 709 suppliciter
662 679 840 705 exoramus,
862 674 895 698 ut
914 668 997 707 quod
1022 676 1074 706 pro
1097 672 1203 695 sancte

241 723 394 752 catholice
419 723 491 752 fidei
512 723 640 759 robore,
666 732 718 761 pro
742 723 799 751 Dei
816 726 845 751 et
869 726 970 751 vestro
988 721 1108 749 bonore
1125 719 1202 748 seci—

242 786 312 805 mus
334 777 520 806 anctoritate
540 776 710 814 apostolica
733 776 936 805 confirmetis.
963 775 1061 803 Cuius
1085 773 1202 802 conlir·

242 829 392 858 mationis
405 834 614 865 augmentum
634 839 687 867 per
703 838 770 866 apei
782 833 826 857 tas
842 828 962 856 litteras
976 827 1065 856 nobis
1079 826 1202 863 signiti-

240 891 312 911 care
327 882 527 918 dignemini,
549 891 626 920 quas
643 882 751 918 etiam,
772 885 803 910 ut
826 881 980 918 gaudium
999 884 1141 908 nostrum
1163 878 1204 906 sit

242 934 389 972 plenum,
407 934 591 964 alteralteri
613 935 772 963 destinare
794 934 962 971 possimus.
992 933 1026 961 Et
1049 931 1202 969 quoniam

241 988 422 1026 principum
438 989 445 1007 ¹
465 992 545 1016 terre
565 996 636 1025 pars
653 988 791 1015 maxima
809 991 838 1015 et
853 986 1001 1015 universa
1018 985 1081 1013 sere
1100 983 1202 1022 populi

241 1040 414 1070 multitudo
432 1041 464 1069 in
486 1041 543 1069 hac
561 1050 592 1069 re
613 1040 778 1069 nobiscum
802 1039 911 1074 sentit,
930 1039 961 1067 in
981 1037 1202 1067 remissionem

242 1098 441 1131 peccatorum
460 1102 588 1123 suorum
606 1093 756 1122 omnibus
777 1093 954 1130 injtiugatis
972 1096 1014 1124 ut,
1034 1092 1058 1119 si
1078 1099 1204 1119 necesse

243 1147 348 1182 fuerit,
380 1146 537 1175 auxilium
572 1146 661 1175 nobis
688 1150 717 1174 et
742 1146 840 1184 patrie
867 1145 1064 1173 unanimiter
1090 1143 1202 1172 ferant.

241 1199 323 1228 lllud
342 1204 446 1228 autem
465 1208 536 1228 cum
554 1199 658 1228 debita
685 1199 863 1228 reverentia
881 1202 982 1226 vestre
1002 1196 1204 1233 suggerimus

242 1251 359 1290 pietati,
377 1252 450 1290 quia
465 1252 491 1280 si
507 1251 671 1280 nobiscum
687 1251 719 1279 iu
736 1251 785 1280 his
801 1251 961 1284 steteritis,
982 1249 1043 1288 [si],
1062 1250 1143 1277 sicut
1159 1257 1203 1277 ro-

239 1313 363 1341 gamus,
380 1305 655 1339 contirnlaveritis,
674 1304 700 1333 si
718 1304 867 1341 deinceps
881 1303 919 1332 ab
934 1303 1034 1340 ipsius
1047 1301 1203 1330 crudelis·

240 1358 313 1387 simi
344 1359 471 1396 tyranni
498 1363 526 1387 et
553 1359 739 1387 nuntiorum
769 1358 836 1386 eius
863 1356 996 1391 litteris,
1031 1355 1202 1389 locutione,

240 1411 438 1444 muneribus,
461 1411 694 1445 abstinueritis,
713 1410 911 1439 unanimiter
928 1418 994 1443 nos,
1009 1408 1200 1442 sicutdecet,

240 1464 397 1493 habebitis
415 1463 524 1492 lideles
539 1469 568 1492 et
585 1463 677 1492 [ilios.
696 1463 727 1492 Si
745 1471 829 1498 vero,
853 1461 937 1500 quod
956 1462 1089 1489 minime
1103 1460 1203 1489 credi-

239 1526 322 1552 mus,
340 1516 435 1545 aliam
453 1517 535 1545 viam
554 1516 683 1553 aggredi
705 1515 853 1553 ceperitis
870 1519 899 1544 et
919 1518 1022 1544 nostre
1041 1514 1202 1551 parvitatis

238 1570 429 1598 assertiones
446 1569 599 1607 predictas
620 1569 765 1598 roborare
783 1568 967 1600 nolueritis,
990 1567 1144 1605 propitius
1163 1566 1202 1595 sit

238 1622 330 1652 uobis
348 1622 432 1651 Deus
444 1646 450 1658 ,
472 1622 546 1660 quia
564 1631 620 1651 nos
636 1631 653 1650 a
671 1626 773 1650 vestra
792 1621 989 1659 subjectione
1006 1625 1034 1649 et
1052 1628 1200 1649 reveren-

239 1675 281 1703 tia
298 1674 465 1713 repelletis.

280 1729 451 1758 I'noeassro
476 1737 556 1757 Finffl
585 1728 757 1756 l'ASCHAtAS
780 1736 856 1756 ΡΑΡΕ
880 1736 911 1756 IN
933 1735 1075 1756 coucuao
1101 1726 1202 1754 Lme-

316 1790 458 1810 RANENSI.

280 1837 375 1863 Anno
397 1834 436 1862 ab
456 1833 676 1863 incarnatione
696 1833 821 1862 domiui
845 1833 942 1862 nostri
969 1832 1129 1865 M⁰C⁰Xll,
1152 1833 1200 1860 in-

239 1888 376 1917 dictione
405 1887 442 1922 V,
472 1896 557 1916 anno
586 1887 787 1924 pontificatus
813 1887 923 1915 domui
956 1895 1031 1924 pape
1064 1886 1201 1914 Pascha-

238 1941 277 1970 lis
295 1941 324 1969 II
342 1941 434 1974 XIII,
452 1949 561 1968 meuse
575 1940 700 1973 martio,
718 1939 778 1968 XV
796 1939 858 1968 kal.
873 1939 992 1977 aprilis,
1007 1939 1200 1967 celebratum

240 1998 286 2023 est
301 1993 473 2022 concilium
492 1993 602 2027 Rome,
624 1992 798 2028 lateranis,
820 1993 852 2020 in
873 1992 1003 2021 basilica
1019 1992 1201 2021 Constanti-

240 2047 348 2075 niana.
370 2046 405 2075 In
428 2054 490 2084 quo
515 2054 585 2074 cum
611 2046 750 2075 domnus
773 2054 850 2083 papa
870 2045 904 2073 P.
931 2045 1113 2082 presislisset
1129 2054 1200 2073 cum

239 2098 486 2137 archiepiscopis
499 2104 528 2127 et
545 2098 699 2135 episcopis
715 2101 744 2126 et
760 2097 976 2127 cardinalibus
990 2101 1019 2125 et
1034 2097 1201 2125 abbatibus

239 2157 269 2181 et
294 2153 380 2180 varia
404 2151 611 2180 multitudine
634 2151 822 2180 clericorum
845 2155 875 2179 et
900 2150 1069 2186 laicorum,
1091 2149 1201 2178 ultima

238 2205 289 2234 dio
305 2204 446 2240 concilii,
465 2204 543 2233 sacta
556 2212 659 2232 coram
675 2204 823 2232 omnibus
840 2203 1032 2241 professione
1045 2203 1201 2231 catholice

238 2258 311 2287 fidei
337 2267 376 2286 ne
394 2257 467 2295 quis
494 2257 531 2286 (le
554 2257 613 2285 fide
633 2256 734 2294 ipsius
757 2256 930 2291 dubitaret,
955 2256 1034 2284 dixit
1059 2268 1064 2284 :
1088 2268 1099 2281 α
1121 2256 1200 2285 Am-

239 2311 355 2349 plector
371 2319 498 2340 omnem
517 2310 661 2339 divinam
677 2310 880 2347 scripturam,
899 2309 1021 2339 seilicet
1037 2309 1159 2338 Veteris
1173 2314 1202 2338 et

239 2364 322 2394 Novi
338 2363 548 2398 Testamenti,
568 2363 681 2399 Legem
700 2372 717 2391 a
738 2363 847 2400 Moyse
864 2362 1012 2400 scriptam
1032 2367 1061 2391 et
1079 2372 1095 2390 a
1110 2371 1201 2391 sanc-

239 2418 278 2446 tis
307 2417 486 2455 prophetis;
516 2415 690 2454 amplector
718 2416 781 2444 1111
812 2415 996 2452 evangelia,
1029 2415 1087 2444 VII
1105 2424 1200 2444 cauo-

239 2471 328 2500 nicas
346 2469 504 2508 epistolas,
524 2468 673 2507 epistolas
694 2468 823 2505 gloriosi
843 2469 978 2497 doctoris
1001 2468 1091 2497 Pauli
1111 2477 1199 2506 apos—

239 2523 306 2558 toli,
323 2528 503 2552 sanctorum
523 2521 744 2560 Apostolorum
757 2530 909 2556 canones,
926 2521 989 2550 IIII
1006 2521 1200 2549 universalia

236 2574 1198 2613 concilia,Nicenum,Epliesinum,Constantinopolitanum,

237 2629 494 2663 Calcedouense,
522 2633 551 2657 et
577 2627 791 2656 Antioceuum
818 2626 993 2656 concilium
1023 2632 1052 2655 et
1076 2627 1200 2656 ‹leci-cta

236 2687 418 2711 sanctorum
442 2686 564 2719 patrum
584 2681 800 2710 Romanorum
819 2680 1021 2718 pontificum,
1046 2684 1076 2708 et
1099 2680 1198 2717 preci-

237 2744 298 2773 pue
321 2734 445 2763 decreta
472 2733 595 2762 domini
622 2733 748 2762 nostri2
776 2741 851 2770 pape
879 2732 1026 2769 Gregorii
1054 2736 1083 2761 et
1111 2732 1200 2761 beate

239 2787 393 2817 memorie
416 2796 492 2825 pape
510 2786 643 2816 Urbani.
671 2787 740 2821 Que
765 2785 825 2823 ipsi
846 2784 1060 2814 laudaverunt
1086 2784 1197 2820 laudo3

233 2961 255 2986 1.
276 2959 338 2986 Cod.
356 2958 538 2993 principium.

230 3008 256 3035 ἱ).
274 3008 336 3035 θοιῖ.
354 3011 461 3033 nostre.

1326 413 1386 441 que
1413 404 1470 441 ipsi
1500 408 1671 432 teuuaerunt
1696 408 1806 440 teneo;
1834 413 1895 442 que
1920 404 2195 433 confirmaverunt
2217 413 2294 435 con-

1326 455 1439 491 firmo;
1461 465 1522 494 que
1542 456 1799 494 dampnaverunt
1817 456 1974 494 dampuo;
2002 466 2063 494 que
2086 457 2295 495 reppulerunt

1327 508 1443 545 repello
1460 513 1487 536 et
1504 518 1565 546 que
1581 508 1818 537 interdixerunt
1845 508 2022 545 interdico3
2045 518 2106 547 que
2123 509 2294 547 prohibue—

1326 564 1397 588 runt
1422 560 1584 598 proliibeo.
1606 561 1639 589 ln
1658 561 1706 589 liis
1721 570 1846 599 semper
1865 562 2087 599 perseverabo.
2106 574 2120 588 »

1365 613 1526 648 Quarti-an
1546 622 1700 642 cassarent
1716 622 1771 642 EST
1789 623 1948 643 1LL101'1'UM
1967 623 2179 644 PtttVlLEGlUM.

1365 666 1487 701 Quibus
1506 665 1639 703 expletis
1660 667 1797 695 surrexit
1818 675 1872 704 pro
1893 666 2045 695 omnibus
2064 667 2101 696 G.
2127 667 2294 704 Hengolis-

1327 718 1445 746 mensis
1463 721 1640 756 epist-opus,
1668 718 1837 756 apostolice
1856 719 1939 748 sedis
1964 719 2084 756 legatus
2109 720 2140 748 iu
2162 720 2292 758 Equita-

1326 771 1389 804 nia,
1403 776 1431 799 et
1445 771 1607 799 communi
1623 780 1754 799 assensu
1769 770 1879 800 domni
1893 780 1969 809 pape
1983 771 2121 800 Pascalis
2135 772 2294 811 totiusque

1325 824 1453 852 concilii
1471 831 1575 852 coram
1594 824 1748 852 omnibns
1765 824 1840 861 legit
1855 824 1939 853 hanc
1955 825 2142 862 scripturam
2166 837 2171 853 :

1367 888 1378 901 «
1403 876 1613 912 I’rivilegium
1634 876 1733 912 illud,
1754 877 1838 914 quod
1861 886 1923 906 non
1950 880 1996 906 est
2016 877 2223 915 privilegium
2248 883 2294 907 set

1326 937 1398 957 rere
1408 929 1500 957 debet
1513 929 1574 957 dici
1589 929 1813 967 pravilegium,
1828 938 1882 967 pro
1895 929 2082 959 liberatione
2093 931 2292 968 captivorum

1327 987 1356 1010 et
1375 982 1510 1010 Ecclesie
1524 991 1540 1010 a
1554 982 1671 1011 dou‘ino
1685 991 1761 1020 papa
1778 982 1921 1012 I'ascbali
1937 991 1989 1020 per
2002 983 2188 1012 violentiam
2205 983 2293 1013 Heu-

1327 1035 1383 1063 riei
1401 1035 1485 1071 regis
1502 1038 1679 1070 extortum,
1699 1044 1755 1064 nos
1774 1044 1885 1064 omnes
1903 1037 1933 1064 iu
1953 1035 2011 1065 boc
2029 1040 2138 1065 sancto
2157 1035 2293 1065 concilio

1326 1096 1398 1116 cum
1416 1088 1533 1117 domno
1553 1098 1630 1126 papa
1652 1093 1844 1125 congregato
1864 1089 2018 1117 canonica
2037 1098 2173 1118 censura
2193 1093 2223 1118 et
2242 1098 2293 1118 ec-

1327 1141 1502 1170 clesiastica
1513 1143 1710 1174 auctoritate,
1723 1142 1846 1178 judicio
1860 1143 1960 1171 sancti
1975 1142 2124 1180 Spiritus,
2137 1142 2293 1181 dampua-

1329 1200 1393 1223 tum
1409 1200 1439 1223 et
1450 1195 1577 1224 irritum
1589 1205 1656 1223 esse
1667 1195 1852 1233 judicamus
1864 1201 1958 1233 atque
1972 1196 2107 1225 omnino
2119 1205 2292 1233 cassamus,

1327 1253 1356 1276 et
1377 1256 1416 1276 ne
1437 1248 1513 1285 quid
1530 1248 1726 1277 auctoritatis
1746 1254 1775 1277 et
1797 1249 1994 1277 efficacitatis
2014 1249 2144 1284 babeat,
2167 1249 2294 1287 penitus

1326 1301 1655 1330 excommnnicamus.
1675 1302 1749 1330 Ideo
1762 1309 1868 1330 autem
1886 1302 2093 1339 dampnatum
2110 1307 2156 1331 est
2170 1302 2247 1340 quia
2261 1303 2293 1331 iu

1327 1362 1362 1382 eo
1380 1353 1551 1391 privilegio
1568 1354 1751 1383 continetur
1766 1354 1851 1392 quod
1873 1354 1991 1383 electus
2009 1355 2161 1384 canonice
2177 1363 2194 1383 a
2210 1354 2294 1385 clero

1326 1411 1355 1434 et
1372 1406 1485 1444 populo
1502 1415 1519 1434 a
1539 1407 1669 1435 nemine
1685 1412 1889 1436 consecretur
1915 1407 1976 1436 nisi
1997 1407 2083 1445 prius
2106 1417 2123 1436 a
2147 1416 2220 1445 rege
2242 1408 2293 1436 in-

1326 1459 1491 1494 vestiatur,
1509 1459 1591 1496 quod
1609 1464 1655 1488 est
1672 1465 1781 1488 contra
1802 1460 1959 1498 Spiritum
1984 1465 2130 1489 sanctum
2151 1465 2181 1489 et
2196 1469 2293 1490 cano-

1326 1513 1429 1541 nicam
1451 1513 1700 1542 iustitutionem.
1722 1525 1733 1539 n

1368 1566 1509 1594 Pei-lecta
1527 1576 1600 1596 vero
1617 1566 1675 1595 hac
1691 1570 1775 1595 carta
1792 1566 2003 1595 acclamatum
2020 1571 2066 1596 est
2084 1567 2123 1596 ab
2143 1567 2293 1597 universo

1325 1619 1461 1648 coneilio
1480 1629 1485 1648 :
1506 1632 1518 1645 (ι
1539 1620 1652 1653 Amen,
1673 1628 1778 1648 amen.
1799 1620 1876 1655 Fiat,
1897 1620 1962 1650 fiat.
1985 1632 1999 1646 »

1364 1672 1473 1702 Oixtxas
1494 1682 1552 1701 1s‘r1
1573 1682 1815 1702 mrssnausaua'r
1832 1681 1985 1702 coucuao.

1364 1725 1605 1764 Areliiepiscopi
1624 1734 1698 1755 vero
1714 1730 1743 1754 et
1764 1726 1919 1763 episcopi,
1939 1726 2103 1763 presbiteri
2120 1734 2247 1764 quoque
2263 1730 2294 1755 et

1324 1779 1449 1807 diaconi
1471 1778 1650 1807 cardinales
1674 1779 1728 1816 qni
1756 1779 1974 1808 iuterfuerunt
1998 1779 2057 1816 ipsi
2084 1778 2218 1808 concilio
2245 1778 2293 1808 hii

1325 1836 1400 1859 suut
1415 1840 1421 1859 :

1364 1884 1398 1912 C.
1417 1884 1618 1919 Sabiiieusis,
1634 1884 1667 1912 Ι).
1686 1884 1883 1920 Portuensis,
1899 1885 1934 1914 L.
1956 1884 2145 1920 Hostieusis,
2161 1883 2196 1914 C.
2216 1885 2293 1914 Pre-

1326 1937 1470 1965 nestiuus
1488 1940 1517 1965 et
1538 1937 1560 1965 l.
1581 1937 1784 1966 Tusculanus
1799 1938 1936 1975 episcopi
1952 1948 1957 1973 ;

1366 1990 1552 2018 Patriarclia
1575 1990 1735 2025 Venetus,

1364 2042 1395 2071 S.
1414 2042 1602 2079 Capuauus,
1630 2043 1661 2071 li.
1684 2043 1946 2076 Beneventanus,
1971 2042 2204 2078 Amalfitauus,
2229 2043 2292 2072 Re-

1324 2095 1432 2132 ginus,
1451 2095 1663 2131 Ydrontiuus,
1684 2096 1924 2132 Brundusiuus,
1946 2096 2125 2131 Consanus,
2146 2095 2293 2125 Gironti-

1325 2157 1395 2182 nus,
1418 2148 1586 2177 llousanus
1601 2148 1833 2186 archiepiscopi
1847 2158 1854 2184 3

1363 2202 1401 2230 G.
1421 2201 1725 2239 Hengolermensis,
1746 2202 1784 2231 G.
1806 2202 2015 2239 Legioueusis
2040 2206 2069 2231 et
2092 2202 2214 2240 legatus
2239 2210 2293 2240 pro

1325 2255 1517 2283 Bituricensi
1534 2260 1564 2284 et
1583 2255 1760 2284 Viennensi
1776 2255 2044 2293 archiepiscopis;

1364 2308 1401 2337 R.
1429 2307 1664 2343 valteri-ensis,
1690 2308 1728 2338 G.
1758 2309 1930 2344 Senensis,
1956 2309 1992 2338 P..
2018 2308 2290 2347 l‘opuliouieusis‚

1322 2360 1359 2389 G.
1374 2361 1616 2390 Terracinensis
1630 2366 1660 2390 et
1674 2361 1712 2390 G.
1732 2361 1946 2390 siracusanus
1964 2369 2017 2399 pro
2034 2361 2186 2390 omuibus
2200 2360 2291 2390 Sicu-

1322 2413 1374 2449 lis,
1387 2414 1424 2443 G.
1442 2414 1613 2451 Troianus,
1637 2415 1745 2444 Bruno
1761 2414 1944 2451 Signiensis
1960 2418 1988 2443 et
2008 2414 2062 2442 alii
2081 2414 2146 2443 fere
2161 2417 2290 2443 centum

1322 2468 1459 2506 episcopi
1475 2479 1481 2504 ς

1362 2521 1537 2550 Presbiteri
1555 2521 1647 2550 etiam
1669 2520 1848 2549 cardinales
1870 2530 1876 2550 ε
1901 2521 1934 2549 Β.
1956 2520 2040 2549 tituli
2057 2519 2160 2549 sancti
2178 2519 2290 2556 Marci,

1322 2575 1361 2604 R.
1384 2575 1466 2603 tituli
1485 2576 1583 2603 sancti
1600 2576 1606 2594 ¹
1626 2574 1767 2610 Ensebii,
1787 2574 1823 2603 15.
1842 2574 1922 2603 tituli
1941 2579 2047 2603 sancte
2063 2573 2181 2610 l'risce,
2199 2573 2236 2603 G.
2257 2573 2290 2603 ti-

1324 2627 1379 2656 tuli
1400 2632 1582 2656 sanctorum
1603 2626 1825 2665 Apostolorum
1840 2650 1846 2662 ,
1868 2627 1901 2655 Β.
1922 2626 2003 2655 tituli
2020 2626 2120 2655 sancti
2145 2625 2230 2655 Petri
2251 2625 2289 2655 ad

1323 2680 1469 2716 Vincula,
1498 2681 1536 2709 A.
1562 2680 1645 2709 tituli
1672 2680 1772 2708 sancti
1796 2679 1992 2716 Clementis,
2018 2679 2052 2708 R.
2081 2678 2165 2708 tituli
2190 2678 2289 2708 sancti

1323 2733 1487 2763 Laurentii
1506 2734 1538 2762 in
1557 2734 1705 2769 Damaso,
1725 2733 1749 2762 1.
1771 2732 1854 2761 tituli
1873 2737 1981 2761 sancte
1997 2731 2127 2767 Cecilie,
2151 2731 2185 2761 Β.
2206 2730 2290 2760 tituli

1321 2786 1424 2815 sancti
1443 2785 1588 2820 Martini,
1605 2786 1640 2814 T.
1663 2785 1747 2814 tituli
1764 2788 1944 2814 sanctorum
1967 2784 2122 2814 Iohannis
2138 2788 2167 2813 et
2184 2782 2290 2819 Pauli,

1320 2839 1357 2868 G.
1379 2839 1460 2868 tituli
1480 2840 1580 2868 sancti
1599 2838 1808 2875 Grisochoni,
1834 2838 1870 2867 R.
1891 2837 1974 2867 tituli
1997 2841 2179 2867 sanctorum
2203 2836 2292 2866 Petri

1321 3004 1342 3029 l.
1361 3004 1423 3031 Cozl.
1441 3007 1551 3029 sancte.
