2455 3560
609 355 659 384 LE
683 354 827 384 LIBER
849 351 1083 383 CENSUUM
1107 351 1160 380 DE
1185 342 1368 380 L'EGLISE
1393 350 1600 380 ROMAINE.
2106 347 2143 377 47

103 422 185 461 apud
214 422 376 452 basilicam
406 422 491 451 beati
520 421 624 456 Petri,
656 420 853 459 presentibus
883 419 1066 458 presbytero

107 476 219 514 Egidio
236 479 265 505 et
283 475 459 513 Magalocto
476 474 601 504 clericis
618 473 748 504 ecclesie
771 473 871 503 sancti
890 471 1064 508 Vincentii,

103 529 254 559 Johanne
279 528 371 558 Pauli
397 528 534 564 Mathei,
562 527 725 565 Egidiocio
749 526 893 556 Oddonis
918 526 1010 560 Pice,
1038 528 1067 554 et

105 582 268 612 Leon-ardo
288 581 486 617 Castellano,
509 584 538 610 et
559 581 654 610 Petro
676 580 783 616 Eum,
807 579 938 608 testibus
953 578 991 607 ad
1009 577 1067 606 bec

106 635 225 665 vocatis
244 640 274 664 et
292 634 419 672 rogatis.

146 688 262 718 Eodem
274 697 371 724 anno,
383 687 573 722 indictione,
587 686 707 715 mensis
723 686 799 714 maii
813 685 865 715 die
879 685 948 720 1110,
962 693 1067 714 coram

107 751 157 772 me
170 741 332 780 Stephano
350 740 521 770 scriniario
540 744 570 769 et
586 739 651 768 hiis
667 739 796 768 testibus
813 738 850 767 ad
871 738 930 768 hoc
948 737 1068 775 specia-

106 795 178 825 liter
189 794 306 824 vocatis
320 798 351 823 et
364 793 490 831 rogatis,
504 792 636 822 domina
651 792 807 827 Romana,
820 790 1067 820 1111011110ῑίΑο-

107 848 180 878 dree
196 847 272 877 dicti
289 846 403 875 Duruli
421 845 608 881 venditoris,
628 844 697 883 ipso
713 844 779 874 viro
796 852 853 873 suo
868 847 1024 882 presente,
1040 847 1070 873 et

106 904 252 939 presente
263 899 356 928 etiam
369 900 461 928 Petro
470 898 591 928 Cinthii
604 902 691 937 patre
701 898 785 927 dicte
796 897 934 932 domine,
945 896 1070 926 volente

108 956 138 983 et
152 952 337 987 mandante,
355 951 523 981 certiorata
529 973 589 982 .....
606 951 655 980 Ad
673 950 731 980 hec
745 949 933 980 Franciscus
945 949 1069 979 1011311-

108 1006 160 1036 nis
182 1005 257 1036 Neti
279 1007 389 1042 rogatu
416 1008 446 1034 et
469 1004 617 1043 precibus
642 1003 718 1033 dicti
743 1003 872 1033 Andree
896 1002 1071 1032 venditoris

108 1058 253 1096 fidejuxit
259 1079 318 1087 .....

148 1114 265 1141 Actum
286 1111 324 1140 ad
345 1110 476 1141 domum
498 1109 630 1148 predicti
650 1109 780 1138 Andree
796 1108 980 1144 venditoris,
1002 1117 1071 1146 pre-

110 1165 252 1196 sentibus
273 1165 366 1194 Petro
383 1164 489 1200 Buxa,
505 1162 637 1193 Cinthio
656 1163 803 1192 Romano
819 1161 992 1196 Cavalerii‚
1010 1161 1071 1191 Oc-

110 1223 182 1249 tone
200 1218 237 1247 de
256 1217 365 1247 Lando
382 1216 505 1247 domini
520 1224 598 1255 pape
615 1215 783 1254 scriptore,
801 1214 952 1244 Johanne
970 1215 1074 1253 Zappa

110 1276 139 1302 et
162 1271 312 1302 ,Iohanne
337 1269 569 1307 Ameternino‚
598 1269 730 1299 testibus
753 1268 793 1298 ad
815 1268 874 1298 hoc
897 1267 1074 1307 specialiter

110 1326 227 1356 vocatis
246 1329 276 1354 et
293 1325 423 1362 rogatis.

150 1379 215 1416 Ego
228 1377 409 1416 Stephanus
414 1399 475 1407 .....

559 1490 589 1520 7.

153 1593 191 1622 In
215 1594 225 1613 ¹
262 1592 393 1622 nomine
431 1591 561 1621 Domini
568 1613 627 1621 .....
665 1590 798 1628 Egidius
828 1590 970 1620 Oddonis
1001 1590 1077 1620 Pice

114 1649 288 1684 spontanea
305 1644 467 1675 voluntate
482 1644 579 1680 dedit,
597 1643 742 1673 vendidit
760 1648 789 1673 et
805 1643 963 1673 concessit
979 1652 1077 1673 vene·

113 1698 207 1728 rabili
225 1698 293 1728 viro
307 1697 437 1727 domino
455 1697 593 1726 Berardo
614 1695 749 1735 plebano
770 1696 872 1735 plebis
891 1696 930 1726 de
945 1697 1078 1726 Faveria

114 1751 237 1781 domini
261 1760 337 1790 pape
362 1750 538 1780 camerario
543 1772 603 1781 .....
621 1749 722 1779 silicet
744 1749 823 1779 duas
847 1750 946 1788 petias
967 1750 1077 1780 vinea-

114 1813 199 1841 rum,
213 1804 292 1834 vites
307 1807 441 1840 tantum,
454 1812 526 1833 cum
543 1802 709 1832 arboribus
725 1802 896 1832 fructiferis
912 1806 941 1832 et
957 1803 1078 1833 infruc-

117 1858 233 1894 tiferiS,
252 1865 374 1894 vassca‚
392 1855 528 1886 vasscali
550 1861 581 1886 et
604 1858 680 1891 tino,
706 1856 822 1894 positas
846 1860 933 1886 extra
956 1861 1078 1894 portam

118 1910 312 1940 Viridariam
331 1911 365 1939 in
386 1914 495 1940 monte
510 1909 673 1944 Geretulo,
692 1909 724 1938 in
744 1909 931 1948 proprietate
949 1909 1081 1940 basilice

116 1964 272 2003 principis
304 1962 537 2001 apostolorum,
569 1962 673 1992 silicet
699 1965 798 1992 totum
826 1962 910 2000 quod
936 1971 1078 2001 compre-

116 2016 276 2047 hendetur
300 2016 386 2045 infra
411 2024 520 2045 muros
543 2023 641 2045 novos
667 2015 810 2044 viridarii
836 2015 960 2044 domini
985 2024 1079 2054 pape,

116 2070 200 2110 quod
226 2078 328 2108 nuper
352 2069 526 2099 hedificare
549 2068 640 2105 facit,
658 2076 793 2106 quarum
813 2067 893 2097 dixit
913 2076 981 2097 esse
1004 2067 1080 2098 tales

83 2161 86 2164 ἢ
117 2123 270 2154 confines.
283 2123 332 2152 Ab
348 2131 412 2152 uno
429 2121 527 2151 latere
544 2125 619 2151 sunt
634 2121 721 2150 muri
737 2121 835 2156 urbis,
852 2121 990 2150 civitatis
1006 2121 1079 2151 Leo-

117 2177 228 2213 niane,
246 2176 285 2205 ab
302 2174 364 2205 alio
389 2179 474 2204 tenet
491 2173 624 2204 ecclesia
641 2174 786 2203 Romana
802 2174 912 2203 vineas
927 2173 1004 2203 olim
1020 2183 1081 2213 que

118 2229 248 2259 fuerunt
265 2228 430 2266 Compagii
455 2227 616 2257 Johannis
643 2226 754 2256 Lucidi
778 2236 832 2256 seu
856 2227 944 2256 Petri
966 2227 1080 2257 Ricco-

118 2282 228 2312 mandi
243 2286 272 2311 et
283 2281 403 2314 fratris,
417 2285 446 2309 et
459 2280 498 2310 ab
512 2279 576 2309 alio
591 2279 714 2309 vicolus
728 2279 874 2309 vicinalis
886 2290 892 2316 ;
906 2280 945 2309 ad
959 2280 1080 2309 haben-

119 2335 196 2365 dum
202 2357 261 2364 .....
292 2341 346 2373 pro
375 2334 474 2372 pretio
502 2332 613 2362 decem
641 2331 795 2362 librarum
826 2332 1079 2371 provesinorum.

121 2387 211 2424 Quod
227 2387 362 2426 pretium
368 2408 429 2416 .....
452 2385 501 2415 Ad
523 2385 581 2415 hec
604 2384 749 2415 Matheus
764 2385 923 2415 Johannis
941 2385 1082 2425 Gaytani

123 2441 161 2471 de
184 2440 318 2478 regione
336 2437 497 2475 Arenula,
521 2441 633 2476 rogatu
656 2441 686 2467 et
704 2437 852 2476 precibus
877 2438 953 2468 dicti
974 2439 1082 2477 Egidii

120 2493 309 2529 venditoris,
327 2492 473 2531 fidejuxit
476 2515 536 2522 .....

160 2548 277 2576 Actum
300 2546 333 2575 in
356 2545 423 2574 sala
443 2544 554 2583 palatii
577 2544 652 2574 dicti
671 2544 795 2574 domini
814 2546 982 2575 camerarii
998 2546 1081 2584 apud

122 2599 286 2630 basilicam
302 2598 388 2628 beati
404 2598 501 2634 Petri,
517 2597 716 2637 presentibus
730 2597 913 2636 presbytero
929 2598 1041 2636 Egidio
1054 2605 1084 2628 et

123 2653 298 2692 Magalocto
320 2652 444 2682 clericis
467 2651 600 2681 ecclesie
621 2651 721 2681 sancti
740 2651 916 2688 Vincentii,
933 2652 1083 2682 ι1011311110

122 2833 146 2859 1.
162 2831 255 2858 Μέῐῃε
273 2830 348 2857 date.
371 2845 404 2849 —
425 2830 515 2856 Gilles
532 2829 611 2863 Pice,
631 2830 676 2856 fils
695 2829 822 2864 d'Odon,
839 2830 912 2856 vend
933 2839 969 2857 au
992 2832 1084 2858 meme

86 2880 224 2908 camerier
244 2880 287 2906 les
308 2879 410 2913 vignes
431 2878 467 2905 de
487 2878 563 2905 deux
585 2879 680 2913 pieces
701 2879 775 2905 sises
795 2887 832 2905 au
853 2879 944 2905 meme
961 2880 1083 2911 endroit,

85 2932 273 2965 appartenant
297 2929 312 2954 3
336 2928 361 2954 13
387 2926 527 2961 basilique
551 2926 679 2953 vatieane
704 2930 733 2953 et
756 2927 916 2962 comprises
941 2932 1020 2954 entre
1044 2929 1085 2955 les

85 2987 166 3006 murs
183 2977 265 3004 neufs
281 2985 337 3012 que
352 2976 378 3003 le
394 2984 465 3011 pape
480 2975 530 3002 fait
545 2976 639 3002 elever
655 2979 757 3002 autour
772 2975 806 3002 de
821 2984 872 3002 son
888 2985 965 3011 parc.
977 2991 1012 2997 —
1027 2977 1086 3004 Ra-

87 3026 222 3053 tification
239 3034 289 3060 par
304 3025 329 3052 la
344 3025 448 3051 semme
464 3024 502 3051 du
518 3023 655 3050 vendeur.

1189 416 1282 446 Pauli
1310 417 1448 451 Matbci,
1476 418 1638 448 Leonardo
1665 417 1844 448 Castellano
1869 422 1899 447 et
1926 418 2017 447 Petro
2045 418 2142 452 [luxa.

1189 471 1322 500 testibus
1338 470 1376 499 ad
1394 471 1453 500 boc
1470 472 1585 500 vocatis
1601 476 1631 501 et
1647 472 1773 509 rogatis,

1228 523 1345 553 Eodem
1375 523 1426 552 die
1454 528 1482 553 et
1509 532 1613 553 coram
1642 524 1852 562 infrascriptis
1880 524 2010 553 testibus
2037 529 2067 553 et
2093 533 2143 553 me

1189 576 1367 612 scriniario,
1381 575 1472 605 Clara
1489 585 1567 605 uxor
1582 577 1655 606 dicti
1670 577 1771 614 Egidii
1788 576 1962 606 venditoris
1978 577 2145 606 certiorate.

1190 639 1243 668 per
1257 639 1308 658 me
1322 629 1525 658 scriniarium
1538 629 1576 659 ‹ie
1588 631 1737 659 omnibus
1753 630 1941 668 supradictis
1957 634 1986 659 et
2002 630 2145 668 ejusdem

1186 681 1326 721 juribus,
1347 691 1382 711 ex
1400 687 1483 711 certa
1501 682 1634 711 scientia
1659 683 1821 712 consensit
1841 683 1878 712 ad
1900 683 2008 712 omnia
2032 691 2145 720 supra-

1190 735 1306 773 scripta
1311 756 1372 764 .....

1229 789 1345 817 Actum
1370 793 1443 817 ante
1465 788 1596 817 domum
1621 789 1777 818 Leonardi
1806 789 1888 818 Petri
1914 789 1960 818 Zii
1987 790 2018 817 iu
2048 788 2144 825 Urbe,

1191 841 1390 878 presentibus
1407 840 1475 878 ipso
1492 841 1665 876 Le0na1·d0‚
1688 841 1780 870 Petro
1804 842 1891 870 [juxa
1907 846 1935 871 et
1956 842 2048 871 Petro
2071 841 2147 870 Ale-

1191 893 1362 926 brandino,
1378 893 1508 922 testibus
1524 893 1562 922 ad
1580 893 1637 923 hec
1654 893 1831 931 specialiter
1843 894 1958 924 vocatis
1975 900 2004 923 et
2018 894 2146 931 rogatis.

1233 946 1297 983 Ego
1312 946 1492 985 Stephanus
1497 968 1556 976 .....

1638 1080 1666 1109 8.

1234 1199 1272 1227 111
1298 1199 1306 1218 ¹
1346 1199 1476 1228 nomine
1507 1199 1648 1228 Domini.
1685 1201 1780 1228 Anno
1812 1200 1944 1230 Domini
1978 1201 2151 1232 millesimo

1194 1251 1472 1286 CC⁰LXXVllII⁰‚
1500 1256 1638 1289 tempore
1665 1252 1789 1282 domini
1812 1253 1934 1283 Nicolai
1955 1254 2038 1284 tertii
2061 1264 2150 1293 pape,

1194 1305 1314 1333 mensis
1335 1303 1412 1332 maii
1437 1304 1488 1333 die
1511 1303 1586 1333 V110
1611 1304 1683 1333 VIle
1707 1304 1903 1335 indictionis.
1932 1305 1970 1334 In
1995 1306 2152 1344 presentia

1194 1357 1318 1387 domiui
1339 1356 1450 1386 Calisti
1471 1356 1598 1386 Judicis
1621 1360 1650 1386 et
1672 1357 1735 1386 mei
1760 1357 1914 1396 Stephani
1937 1358 2098 1388 scriniarii
2124 1362 2154 1389 et

1194 1411 1312 1441 horum
1330 1411 1456 1440 testium
1473 1410 1512 1440 ad
1527 1410 1587 1440 hoc
1599 1410 1778 1448 specialiter
1794 1414 1973 1441 vocatorum
1990 1416 2020 1441 et
2035 1416 2154 1450 rogato-

1195 1474 1280 1500 rum,
1300 1464 1413 1493 Petrus
1428 1463 1560 1492 Fascius
1575 1463 1613 1492 de
1629 1463 1730 1501 burgo
1750 1463 1840 1493 Novo
1857 1463 1896 1493 de
1914 1464 2034 1502 porticu
2053 1464 2154 1494 sancti

1195 1516 1295 1553 Petri,
1318 1526 1374 1546 sua
1393 1520 1566 1554 spontanea
1581 1515 1743 1546 voluntate
1759 1516 1855 1553 dedit,
1875 1516 2018 1546 vendidit
2032 1522 2062 1547 et
2079 1526 2155 1548 con-

1196 1570 1290 1600 cessit
1306 1569 1482 1600 venerabili
1499 1570 1567 1599 viro
1583 1569 1712 1599 domino
1726 1569 1865 1600 Berardo
1883 1570 2045 1609 capellano
2062 1575 2092 1601 et
2106 1580 2155 1601 ca-

1196 1623 1335 1653 merario
1350 1623 1471 1652 domini
1487 1631 1565 1661 pape
1569 1644 1630 1652 .....
1648 1622 1679 1651 id
1698 1626 1744 1652 est
1763 1623 1908 1661 quinque
1928 1625 2025 1662 petias
2046 1624 2155 1654 vinea-

1198 1686 1281 1713 rum,
1310 1676 1434 1705 vituum
1465 1680 1606 1713 tantum,
1637 1684 1709 1705 cum
1736 1676 1904 1706 arboribus
1931 1677 2103 1707 fructiferis
2128 1682 2158 1707 et

1198 1729 1408 1759 infructiferis
1426 1729 1510 1758 infra
1527 1738 1576 1764 se,
1596 1733 1713 1758 etcum
1732 1734 1818 1768 parte
1839 1738 1940 1766 vasce,
1965 1730 2109 1760 vasscalli
2128 1735 2158 1761 et

1200 1783 1277 1819 tino,
1294 1782 1409 1820 positas
1425 1782 1459 1810 in
1472 1782 1660 1820 proprietate
1672 1781 1755 1811 dicte
1769 1781 1899 1812 ecclesie
1915 1783 2057 1812 Romane
2071 1787 2158 1813 extra

1198 1839 1320 1874 portam
1348 1835 1544 1864 Viridariam
1573 1835 1606 1864 in
1635 1838 1742 1864 moute
1768 1835 1960 1872 Gheretulo,
1989 1837 2073 1866 inter
2100 1836 2158 1867 hos

1199 1890 1291 1925 fines,
1307 1892 1340 1918 ut
1354 1888 1478 1918 dicitur.
1493 1888 1542 1918 Ab
1555 1896 1618 1917 uno
1630 1886 1726 1917 latere
1740 1892 1823 1917 tenet
1835 1897 1913 1918 uxor
1925 1888 2024 1918 Blasii
2036 1889 2158 1919 «1011311-

1200 1944 1250 1972 nis
1271 1943 1382 1972 Bobuli
1396 1942 1479 1980 juris
1495 1940 1625 1971 ecclesie
1639 1941 1793 1977 Romane,
1811 1941 1850 1971 ab
1861 1941 1922 1972 alio
1934 1942 2015 1972 dicta
2027 1943 2159 1973 ecclesia

1201 1997 1347 2026 Romana
1368 1996 1478 2024 vineas
1503 1994 1579 2025 olim
1604 1994 1720 2024 Massie
1745 2000 1774 2024 et
1796 1995 1963 2031 ι1011311113,
1986 2000 2014 2026 et
2035 1996 2074 2026 ab
2094 1997 2158 2027 alio

1202 2049 1388 2079 Leonardus
1413 2048 1609 2084 Piczolinus3
1634 2047 1672 2076 ad
1698 2047 1883 2077 babendum
1889 2072 1949 2078 .....
1978 2058 2033 2088 pro
2058 2051 2159 2088 pretio

1201 2102 1339 2132 sedecim
1363 2101 1518 2131 librarum
1545 2101 1787 2139 provesinorum
1808 2106 1949 2131 senatus.
1976 2102 2066 2138 Quod
2090 2112 2158 2141 pre-

1201 2155 1282 2185 tium
1310 2155 1412 2184 dictus
1438 2154 1551 2183 Petrus
1556 2175 1614 2183 .....
1639 2153 1688 2182 Ad
1713 2153 1772 2183 hec
1794 2153 1938 2191 Angelus
1963 2154 2096 2184 Gerardi
2120 2155 2159 2185 de

1202 2208 1335 2246 regione
1352 2207 1527 2242 Montium,
1545 2206 1582 2235 de
1597 2210 1737 2236 contrata
1752 2206 1891 2244 Caballi,
1911 2211 2023 2245 rogatu
2042 2213 2071 2237 et
2087 2218 2159 2247 pre-

1201 2261 1293 2291 cibus
1309 2260 1385 2290 dicti
1402 2259 1488 2289 Petri
1505 2258 1680 2289 venditoris
1696 2258 1841 2298 fidejuxit
1845 2281 1905 2289 .....

1241 2316 1356 2344 Actum
1381 2314 1415 2342 in
1443 2312 1509 2343 sala
1533 2312 1643 2351 palatii
1668 2312 1743 2342 dicti
1767 2312 1889 2342 domini
1912 2314 2095 2351 camerarii,
2123 2314 2159 2343 in

1202 2368 1300 2403 Urbe,
1322 2366 1404 2406 apud
1426 2366 1592 2396 basilicam
1614 2363 1696 2395 beati
1720 2366 1820 2401 Petri,
1844 2366 2044 2404 presentibus
2065 2366 2159 2397 Petro

1201 2420 1326 2451 Cinthii
1354 2419 1393 2449 de
1419 2419 1544 2455 Monte,
1572 2418 1714 2455 Dnrulo‚
1746 2418 1969 2449 Bartholomeo
1998 2419 2160 2449 Leonardi

1201 2473 1392 2508 Castellani‚
1414 2472 1578 2502 Leonardo
1602 2471 1779 2508 Piczolino,
1803 2471 1964 2502 Cossmato
1984 2481 2160 2503 marmora-

1202 2528 1264 2564 rio,
1294 2525 1412 2556 Jacobo
1447 2524 1580 2555 Zensale
1614 2528 1644 2554 et
1670 2524 1843 2554 Patrimoto
1879 2524 1994 2555 clerico
2027 2525 2161 2556 ecclesie

1202 2584 1384 2609 sanctorum
1399 2577 1484 2608 Celsi
1501 2581 1531 2607 et
1552 2576 1697 2614 Juliani,
1715 2576 1847 2606 testibus
1864 2577 1903 2606 ad
1920 2576 1980 2608 hoc
1996 2577 2113 2608 vocatis
2131 2581 2161 2608 et

1202 2633 1330 2670 rogatis.

1242 2686 1307 2724 Ego
1325 2685 1570 2724 Stephanus.....

1201 2880 1225 2905 1.
1248 2879 1262 2904 7
1278 2879 1333 2904 mai
1352 2878 1426 2904 1279.
1444 2891 1479 2898 —
1494 2877 1591 2903 Pierre
1605 2876 1736 2907 Pascius.
1753 2875 1791 2903 du
1807 2875 1902 2910 Boi-go
1918 2875 2031 2908 Nuovu,
2048 2877 2118 2903 dans
2135 2878 2161 2903 le

1164 2929 1295 2963 portique
1312 2926 1346 2952 de
1363 2926 1569 2956 saint—pierre,
1587 2925 1660 2951 vend
1684 2933 1719 2952 au
1741 2925 1833 2951 meme
1849 2927 1987 2952 camel-ier
2001 2926 2043 2952 les
2059 2927 2161 2961 vignes

1164 2976 1198 3002 de
1221 2976 1286 3009 cinq
1303 2975 1397 3010 pieces
1412 2977 1599 3009 appar-tenant
1620 2976 1635 3000 a
1660 2974 1767 3008 l'eglise
1788 2974 1925 3005 romaine,
1943 2975 2011 3001 hors
2033 2975 2059 3000 la
2082 2979 2161 3009 porte

1165 3024 1318 3056 viridaria,
1334 3032 1385 3050 sur
1405 3024 1429 3049 le
1446 3027 1525 3049 mont
1542 3023 1705 3049 Geretulus.
