2455 3560
1074 354 1278 386 ‚themis
2167 363 2215 394 131

168 422 208 452 ad
223 422 322 452 altare
337 427 412 452 ante
430 423 594 453 ecclesiam
613 423 715 453 sancti
739 423 917 457 Prancatii,
942 423 1050 460 ibique
1067 430 1134 451 mo-

167 476 275 505 dicum
291 477 428 513 quiescit
443 481 471 506 et
489 476 593 506 induit
612 476 782 515 planetam.

210 529 253 568 [31
264 529 285 566 .]
304 529 437 558 Interim
454 538 527 558 vero
541 529 668 559 diaconi
682 528 860 559 cardinales
876 532 1035 567 reportant
1048 537 1134 557 men-

169 591 236 611 sam
256 581 366 611 altaris
382 586 412 610 et
427 587 537 620 aptant
552 591 621 611 eam
636 591 732 620 super
748 582 815 620 ipso
831 581 922 610 altari
944 582 1025 610 sicut
1046 581 1134 618 prius

171 635 283 664 suerat.
305 635 451 664 Pontifex
471 639 577 664 autem
592 645 665 664 cum
686 635 884 674 processione
901 639 931 664 et
946 634 1063 663 letania
1082 643 1134 661 va-

168 687 216 716 dit
231 687 269 716 ad
288 687 388 717 altare
410 693 439 717 et
460 688 599 717 celebrat
619 688 762 718 missam.
781 687 842 717 Sed
868 696 929 716 non
947 687 1025 716 dicit
1044 688 1134 715 l'redo

169 741 201 769 in
219 749 317 769 unum
338 741 444 775 Deum,
469 750 526 770 uec
545 741 740 770 offerendam
764 749 821 770 nec
838 743 941 777 Aquas
962 741 1011 769 Dei
1031 748 1134 778 neque

169 793 445 824 communionem.
482 795 579 823 l’orro
610 799 674 832 post
702 793 866 832 epistolam
898 794 964 831 ipse
996 793 1131 831 pontifex

171 847 298 876 nuntiat
313 846 445 876 alleluia
461 852 491 876 et
509 848 708 886 primicerius
725 856 795 875 cum
814 846 897 875 scola
913 848 999 875 canit
1012 855 1081 875 eam
1099 847 1131 874 in

170 899 302 938 pulpito.
319 900 368 929 Ad
387 909 554 938 vesperum
568 905 674 929 autem
695 899 811 929 dicitur
828 899 976 935 alleluia,
995 898 1134 936 psalmus

169 953 301 981 Laudate
319 953 480 982 Dominum
500 962 602 982 omines
616 958 730 990 yenles,
748 952 925 990 antiphona
946 953 1061 989 Vespere
1077 961 1135 980 an-

169 1011 224 1035 tem
242 1008 366 1041 sabbati,
385 1008 497 1043 oratio,
514 1007 556 1036 Ile
572 1008 663 1035 missa
680 1011 719 1035 est
736 1010 765 1036 et
782 1005 971 1036 benedictio.

209 1058 283 1097 [32]
304 1060 339 1088 lx
358 1069 408 1089 nia
428 1059 565 1089 Pascua.

211 1113 304 1141 Mane
324 1118 391 1150 post
409 1112 543 1150 primam
562 1112 697 1141 indutus
716 1111 788 1141 albo
813 1111 945 1150 pluviali
971 1111 1135 1140 Romanus

169 1165 308 1202 pontifex
332 1174 405 1194 cnm
422 1165 568 1194 diaconis
586 1164 816 1198 cardinalibus,
835 1173 907 1194 cum
928 1164 1135 1193 subdiaconis

167 1219 344 1256 ceterisque
360 1218 543 1248 minoribus
559 1217 728 1247 ordinibus
744 1217 923 1246 dalmaticis
940 1222 969 1245 et
986 1217 1089 1245 mitris
1106 1221 1136 1245 et

170 1271 289 1299 tunicis
305 1271 427 1300 indutis
448 1277 478 1300 et
501 1271 676 1309 capellanis
699 1271 786 1306 suis,
812 1270 897 1299 vadit
913 1270 951 1298 ad
970 1269 1132 1299 basilicam

169 1324 270 1353 sancti
286 1324 462 1359 Laurentii,
481 1325 534 1353 ubi
552 1329 618 1362 post
631 1325 808 1353 orationem
823 1323 971 1352 induitur
987 1332 1084 1361 nsque
1096 1322 1133 1351 ad

167 1377 389 1414 dalmaticam,
415 1382 446 1407 et
468 1386 627 1415 exurgens
645 1377 828 1414 ingreditur
849 1375 911 1415 [ad]
933 1375 1132 1405 adoraudum

168 1429 378 1460 Salvatorem.
401 1430 511 1469 Aperit
531 1439 606 1467 ergo
629 1430 833 1468 ymaginem,
855 1429 1018 1458 osculatur
1041 1429 1134 1467 pedes

168 1482 362 1519 Salvatoris,
384 1483 496 1512 dicens
519 1483 581 1512 alta
608 1492 682 1513 voce
707 1482 808 1512 tribus
827 1482 949 1511 vii-ihus
967 1492 973 1511 z
991 1483 1134 1511 Sur-rari!

167 1537 314 1565 Dominus
329 1537 363 1565 cle
378 1538 552 1574 sepulchro,-
569 1540 598 1565 et
613 1545 726 1565 omnes
737 1536 765 1565 ei
781 1535 992 1573 respondent:
1010 1537 1068 1570 Qui
1079 1544 1134 1572 pro

168 1589 252 1617 nobis
264 1590 404 1627 pependit
421 1591 452 1618 ιή
466 1590 559 1626 ligno.
579 1590 718 1618 alleluia.
740 1589 861 1618 Deinde
878 1589 957 1618 redit
971 1588 1008 1617 ad
1026 1589 1133 1617 sedem

168 1647 199 1671 et
215 1643 269 1672 dat
290 1652 397 1681 pacem
422 1643 650 1672 archidiacono
674 1642 821 1671 redeunti
837 1643 876 1672 ab
892 1641 999 1671 osculo
1017 1641 1132 1679 pedum

167 1695 310 1732 ejusdem
336 1695 511 1734 ymaginis,
536 1696 706 1726 Secundus
724 1705 849 1734 quoque
871 1695 1026 1725 diaconus
1043 1704 1133 1725 oscu-

167 1748 241 1777 latis
258 1749 391 1787 pedibus
407 1749 581 1779 Salvatoris
594 1749 717 1778 accedit
735 1749 773 1777 ad
793 1757 900 1787 pacem
919 1749 1037 1777 summi
1054 1757 1133 1786 pon-

167 1801 261 1831 tificis
287 1808 318 1831 et
339 1802 559 1832 archidiaconi
578 1807 608 1832 et
631 1803 718 1841 pouit
741 1812 773 1831 se
794 1803 826 1831 in
853 1801 917 1831 filo.
937 1801 1043 1831 Ceteri
1061 1810 1134 1830 vero

169 1855 293 1885 diaconi
310 1855 490 1886 cardinales
513 1856 664 1885 similiter
685 1855 818 1885 faciunt.
838 1855 962 1884 Deinde
987 1855 1135 1893 primice-

168 1908 235 1937 rius
257 1917 330 1937 cum
353 1909 541 1938 cantoribus
567 1909 677 1938 eodem
701 1909 796 1938 modo
814 1908 850 1937 ad
876 1917 985 1947 pacem
1004 1908 1090 1937 vadit
1107 1913 1135 1936 et

166 1962 199 1991 in
215 1961 270 1991 filo
287 1971 319 1990 se
335 1962 462 2000 dii-ign.;
482 1963 567 2000 prior
584 1971 710 2000 quoque
728 1962 860 1991 basilice
873 1971 945 1991 cum
964 1962 1134 1991 subdiaco-

169 2015 217 2044 nis
239 2015 407 2050 similiter3
434 2015 633 2054 postmodum
659 2015 847 2045 subdiaconi
868 2016 1039 2052 regionarii
1061 2024 1133 2044 cum

167 2068 292 2098 acolitis
308 2074 338 2097 et
352 2068 424 2097 aliis
440 2068 589 2107 palatinis
604 2068 773 2098 ordinibus
789 2068 899 2097 eodem
917 2068 1008 2097 modo
1026 2077 1133 2106 pacem

167 2121 300 2151 faciunt.
318 2122 451 2150 Interim
468 2127 575 2150 autem
593 2121 676 2151 scola
691 2122 775 2150 canit
788 2123 975 2158 srurifiivum
996 2123 1026 2150 in
1045 2131 1136 2150 carne

167 2178 197 2203 et
208 2175 268 2211 Eyo
283 2184 350 2203 sum
366 2176 433 2210 Alsa
451 2180 476 2203 et
489 2176 609 2212 Omeyrz.

209 2227 283 2267 [33.]
301 2227 464 2265 Completa
483 2236 556 2265 pace
570 2227 678 2256 induit
697 2227 854 2266 planetam
868 2228 985 2264 albam,
1003 2228 1134 2266 pallium

167 2285 197 2310 et
228 2281 358 2310 mitram
392 2281 603 2319 sollempnem
619 2292 625 2316 3
657 2281 921 2320 descendensque
951 2281 990 2310 de
1021 2281 1136 2319 palatio

169 2341 270 2371 usque
292 2332 331 2361 ad
355 2333 474 2361 exitum
500 2332 653 2370 porticelli
677 2332 731 2361 ubi
754 2332 846 2361 albus
866 2332 1039 2371 palati-idus
1062 2342 1134 2362 cum

169 2393 265 2415 nacco
284 2386 483 2423 superposito
499 2390 529 2413 et
549 2391 700 2422 argenteo
717 2385 808 2414 freno
825 2385 1046 2424 sollempniter
1066 2396 1135 2424 pre-

168 2442 294 2477 paratus
317 2444 364 2467 est
385 2438 456 2468 sibi.
483 2438 531 2467 Ab
552 2438 779 2467 archidiacono
802 2438 980 2477 imponitur
1005 2439 1034 2468 ei
1063 2448 1134 2477 reg-

169 2500 246 2520 num
267 2496 297 2520 et
322 2492 365 2520 ita
386 2496 554 2520 coronatus
578 2491 769 2529 palafridum
788 2492 932 2520 ascendit
952 2497 982 2521 et
1004 2493 1133 2530 equitat.

169 2544 412 2582 precedentibus
430 2544 461 2572 in
480 2544 594 2573 ordine
613 2553 671 2573 suo
688 2544 900 2579 bandulariis,
918 2545 1134 2583 archiepisco-

170 2597 215 2635 pis
234 2602 264 2625 et
287 2597 457 2634 episcopis,
480 2596 700 2626 cardinalibus
724 2597 923 2635 presbiteris,
946 2598 1134 2633 abbatibus,

168 2649 371 2679 subdiaconis
396 2654 425 2678 et
449 2649 593 2678 diaconis
618 2649 852 2682 cardinalibus,
880 2654 910 2679 et
933 2651 1134 2688 subsequen-

169 2702 252 2731 tibus
273 2702 409 2740 prefecto
427 2701 564 2740 aliisque
589 2701 752 2731 nobilibus
777 2703 1012 2740 Romanorum,
1035 2713 1135 2742 usque

168 2755 207 2784 ad
228 2760 370 2784 sanctam
394 2754 528 2784 Mai-iam
547 2763 711 2791 majorem.
733 2755 814 2785 Cum
830 2761 937 2785 autem
955 2766 1009 2795 per
1027 2758 1132 2787 Meru-

169 2808 275 2837 lanam
292 2807 465 2843 transierit,
483 2807 674 2837 scriniarius
690 2808 722 2837 in
742 2807 808 2838 loco
825 2809 1004 2847 antiquitus
1020 2809 1134 2838 consti-

170 2865 235 2890 tuto
245 2861 273 2889 ei
285 2860 392 2889 obviat
402 2865 432 2889 et
443 2860 506 2889 alta
518 2869 593 2890 voce
603 2861 698 2890 dicit:
711 2862 791 2897 Jube,
807 2862 939 2896 domitae,
953 2863 1133 2892 benedicere.

170 2913 315 2943 Pontifex
329 2912 492 2942 benedicit
504 2922 590 2949 eum,
603 2918 633 2942 et
644 2913 833 2943 scriniarius
847 2914 927 2944 dicit
942 2924 948 2944 :
962 2916 998 2944 In
1013 2917 1134 2945 ecclesia

168 2967 247 2995 beate
261 2967 357 2995 illarie
371 2966 403 2995 in
419 2967 475 2995 hac
493 2971 576 2995 nocte
591 2968 739 3004 baptizali
755 2973 826 2996 sunt
844 2973 883 2996 tot
898 2969 988 3005 pueri
1006 2971 1135 2998 masculi

169 3023 195 3048 et
215 3023 254 3048 tot
275 3019 398 3055 semine.
419 3019 566 3048 Pontifex
590 3019 760 3058 respondet
783 3032 788 3049 :
814 3021 870 3050 Deo
893 3023 1022 3058 gratias.
1044 3022 1134 3051 Tunc

1255 427 1360 451 autem
1386 423 1574 452 scriniarius
1601 426 1733 463 suscipit
1757 436 1773 454 a
1799 427 1983 457 saccellario
2003 438 2010 457 ι
2032 429 2217 459 bizantium.

1256 474 1412 504 Similiter
1430 476 1463 504 fit
1477 476 1515 505 ad
1534 481 1677 506 sanctum
1700 478 1825 507 l’etruin
1847 480 1878 508 in
1897 481 2037 509 secunda
2055 482 2143 511 seria.

1296 534 1507 564 Pei-veniente
1537 542 1643 565 autem
1674 538 1820 575 pontifice
1853 539 1890 567 ad
1927 541 2079 577 porticum
2112 547 2219 571 sancte

1259 588 1375 624 Mai-ie,
1393 588 1555 617 descendit
1577 589 1607 617 in
1627 589 1693 619 loco
1711 591 1890 628 antiquitus
1907 593 2097 624 constituto.
2118 598 2145 622 et
2162 595 2217 624 de-

1256 640 1357 678 posito
1384 650 1482 677 regno
1515 642 1641 670 ducitur
1671 652 1688 671 a
1712 643 1874 680 jndicibus
1903 645 1940 673 ad
1973 645 2159 678 ecclesiam.
2190 653 2219 676 et

1257 698 1401 731 suscepta
1418 694 1617 731 processione
1629 705 1645 722 a
1659 696 1822 724 canonicis
1839 697 1937 734 ipsius
1951 698 2082 727 ecclesie
2095 703 2123 727 et
2142 700 2219 728 sacta

1258 745 1478 774 benedictione
1495 747 1579 774 vadit
1597 748 1634 775 :td
1653 749 1869 778 secretarium.
1888 758 2071 788 exuensque
2088 751 2218 788 pallium

1257 802 1286 826 et
1303 797 1475 835 planetam,
1495 799 1594 836 posito
1610 799 1740 836 pluviali
1759 810 1852 838 snper
1870 802 2015 837 humero,
2034 803 2143 841 incipit
2161 809 2221 832 ter-

1259 851 1346 879 tiam.

1298 910 1403 938 Finita
1425 919 1497 939 vero
1515 911 1617 944 tertia.
1639 911 1724 950 prior
1741 913 1962 950 episcoporum
1979 915 2034 952 qni
2053 915 2080 943 vi
2101 916 2219 945 servire

1257 963 1349 992 debet
1361 964 1393 992 in
1405 964 1512 997 missa,
1527 963 1639 992 ductus
1653 973 1669 992 a
1683 964 1806 993 duobus
1821 966 2022 995 subdiaconis
2034 972 2106 995 :inte
2120 969 2218 1006 ponti-

1257 1015 1349 1044 ficem
1363 1019 1391 1044 et
1407 1016 1497 1045 tertio
1516 1018 1666 1054 postulata
1685 1018 1906 1047 benedictione
1918 1020 2039 1049 accedit
2055 1020 2091 1049 ad
2112 1030 2218 1058 pacem

1258 1069 1427 1106 pontificis,
1446 1076 1475 1098 et
1492 1078 1627 1106 surgens
1652 1071 1738 1107 ponit
1765 1080 1797 1099 se
1824 1072 1853 1099 in
1882 1072 1992 1101 ordine
2014 1074 2049 1101 ad
2072 1074 2218 1103 dextrum

1258 1121 1340 1150 latus
1351 1123 1429 1158 ejus.
1448 1122 1571 1150 Deinde
1583 1123 1742 1151 secundus
1754 1124 1917 1161 episcopus
1929 1126 2047 1154 accedit
2061 1127 2098 1155 ad
2111 1136 2218 1164 paceni

1257 1174 1415 1212 pontificis
1432 1179 1461 1203 et
1478 1175 1644 1212 porrigens
1665 1176 1810 1205 osculum
1834 1178 1927 1214 priori
1953 1186 2009 1207 suo
2026 1184 2085 1207 stat
2101 1180 2139 1208 ab
2155 1179 2219 1208 alio

1257 1227 1353 1256 latere
1377 1227 1535 1265 pontilicis
1556 1227 1588 1255 iu
1615 1227 1678 1257 tito.
1703 1227 1804 1257 Ceteri
1824 1229 1959 1267 episcopi
1987 1230 2105 1259 faciunt
2126 1232 2220 1260 simi-

1258 1280 1340 1315 liter,
1358 1280 1536 1309 accedendo
1554 1281 1591 1309 ad
1615 1289 1721 1318 pacem
1743 1282 1900 1318 pontilicis
1920 1288 1948 1311 et
1974 1283 2114 1320 ipsorum
2136 1285 2219 1322 epis-

1257 1342 1407 1371 coporum
1421 1357 1427 1365 ,
1447 1338 1567 1372 ponunt
1586 1342 1619 1362 se
1642 1334 1674 1362 in
1695 1334 1758 1363 filo.
1781 1334 1870 1363 Prior
1887 1344 2014 1373 quoque
2031 1337 2220 1373 presbitero-

1257 1396 1326 1415 rum
1354 1386 1568 1415 carditialiuin
1593 1387 1707 1415 ductus
1730 1396 1748 1416 a
1770 1387 1894 1416 duobus
1921 1389 2128 1419 subdiaconis
2148 1395 2221 1419 ante

1257 1439 1436 1477 pontificem
1462 1443 1491 1467 et
1516 1440 1605 1468 tertio
1624 1439 1779 1478 postulata
1802 1440 2024 1470 benedictIOne
2046 1442 2218 1471 acceditad

1256 1501 1364 1530 pacem
1384 1491 1540 1530 pontificis
1560 1496 1590 1520 et
1612 1492 1832 1530 episcoporum
1856 1497 1886 1521 et
1907 1493 2018 1529 dirigit
2041 1502 2074 1523 se
2098 1495 2130 1522 in
2155 1494 2218 1523 tilo.

1256 1544 1478 1574 Subsecuntur
1511 1545 1604 1574 ceteri
1637 1545 1800 1583 presbiteri
1834 1546 2030 1583 cardinales;
2064 1548 2220 1585 prefectus

1249 1596 1396 1636 auoque,
1425 1598 1551 1636 prefecti
1579 1598 1709 1627 navales
1734 1603 1764 1627 et
1787 1600 1958 1637 majorenti
1984 1601 2041 1638 qui
2070 1606 2222 1630 vocantur

1255 1651 1370 1681 Schola
1387 1651 1561 1683 Stimulati,
1579 1660 1614 1680 ac
1630 1652 1726 1680 ceteri
1741 1652 1811 1681 laici
1830 1653 1964 1691 maJ'ores
1982 1659 2011 1682 et
2029 1654 2169 1683 minores
2186 1655 2219 1683 in

1255 1705 1367 1734 ordine
1383 1714 1440 1734 suo
1455 1705 1492 1733 ad
1513 1714 1618 1742 pacem
1636 1705 1885 1743 suscipiendam.

1296 1765 1503 1795 Postmodum
1524 1774 1596 1794 vero
1612 1772 1747 1802 surgunt
1764 1765 1826 1794 duo
1843 1766 2031 1795 subdiaconi
2047 1767 2219 1796 basilicarii

1256 1823 1285 1849 et
1300 1820 1491 1857 accipientes
1513 1818 1651 1856 priorem
1673 1819 1904 1847 subdiaconum
1929 1820 2145 1856 regionarium
2167 1828 2220 1858 per

1257 1881 1382 1906 manus,
1397 1880 1469 1900 eum
1486 1871 1674 1900 addextrant
1686 1871 1726 1899 ab
1740 1871 1872 1900 introitu
1889 1872 2049 1901 secretarii
2069 1881 2169 1910 usque
2187 1873 2219 1901 iu

1257 1925 1397 1953 medium
1414 1924 1485 1953 atrii
1499 1928 1573 1953 ante
1589 1924 1782 1961 pontificem.
1796 1924 1858 1959 Qui
1875 1924 1937 1952 alta
1955 1933 2027 1953 voce
2043 1925 2121 1954 dicit
2135 1925 2216 1960 lube,

1257 1978 1387 2011 domine,
1412 1978 1592 2012 benedicere,
1620 1977 1720 2005 tribus
1745 1976 1879 2005 vicibus.
1904 1976 1940 2005 Et
1958 1977 2049 2006 tertio
2072 1977 2221 2006 benedic-

1259 2031 1343 2060 tione
1373 2035 1516 2068 suscepta
1541 2039 1559 2058 a
1587 2029 1736 2067 pontitice
1761 2030 1927 2067 sanungit
1952 2038 1958 2058 :

1259 2084 1353 2112 nostri
1378 2084 1445 2111 Jcsu
1466 2083 1597 2118 Christi,
1620 2082 1720 2111 tribus
1742 2082 1885 2117 vicibus;
1905 2086 1933 2110 et
1950 2082 2026 2110 dicit
2044 2094 2049 2110 z
2070 2083 2222 2120 Dompnus

1988 2030 2075 2059 Servi
2103 2030 2221 2058 domini

1257 2138 1290 2166 λ’.
1310 2137 1547 2165 archidiaconus
1562 2137 1637 2172 legul
1654 2136 1845 2171 rranyelium
1860 2157 1866 2165 ,
1886 2136 1908 2163 I.
1926 2136 2129 2164 subdiaconus
2145 2137 2221 2173 leqal

1257 2191 1425 2228 epistolarii.
1444 2190 1474 2217 Β.
1490 2189 1688 2226 primicerius
1704 2193 1728 2216 el
1745 2189 1834 2216 ceteri
1849 2194 1986 2217 cantores
2002 2194 2133 2217 «nutent.

1297 2249 1371 2289 [st]
1393 2249 1450 2278 His
1467 2258 1540 2277 vero
1556 2247 1687 2286 expletis
1706 2247 1809 2284 surgit
1831 2247 1989 2284 pontifex,
2010 2252 2040 2276 et
2061 2252 2222 2286 resumpta

1257 2303 1396 2342 planeta,
1409 2301 1504 2340 pallio
1515 2306 1545 2330 et
1556 2301 1663 2336 min-a,
1681 2300 1958 2339 processionaliter
1972 2300 2058 2329 vadit
2071 2301 2109 2329 ad
2124 2300 2223 2330 altare

1257 2361 1287 2386 et
1302 2356 1414 2394 incipit
1429 2355 1559 2383 missam
1576 2353 1614 2382 de
1632 2362 1733 2382 inore.

1296 2416 1372 2445 Post
1395 2415 1572 2444 orationem
1605 2422 1688 2448 vero,
1716 2417 1888 2451 antequam
1919 2413 2042 2450 legatur
2068 2413 2220 2451 epistola,

1256 2468 1422 2498 descendit
1443 2466 1689 2496 archidiaconus
1709 2475 1782 2495 cum
1799 2466 1943 2495 diaconis
1964 2471 1994 2494 et
2015 2465 2221 2496 subdiaconis

1257 2527 1287 2552 et
1301 2521 1447 2551 ordinate
1465 2524 1548 2548 stant
1562 2519 1652 2557 juxta
1668 2518 1778 2553 altare,
1799 2518 1831 2547 in
1850 2518 1974 2547 duobus
1993 2518 2066 2551 filis.
2089 2518 2220 2548 notariis

1258 2583 1331 2603 vero
1357 2572 1516 2602 stantibus
1542 2572 1690 2600 deorsum
1718 2571 1750 2599 in
1781 2571 1878 2600 choro
1906 2580 1978 2600 cum
2010 2570 2219 2608 pluvialibus.

1256 2627 1346 2656 Tunc
1359 2625 1603 2655 archidiaconos
1616 2633 1689 2653 cum
1703 2623 1848 2652 diaconis
1864 2627 1893 2652 et
1906 2623 1980 2652 aliis
1991 2623 2161 2653 ordinibus
2176 2623 2220 2652 sic

1257 2680 1372 2718 incipit
1389 2679 1500 2708 laudes
1518 2677 1581 2706 alta
1598 2685 1672 2706 voce
1690 2688 1696 2705 z

1436 2739 1570 2768 Lamnas.

1295 2799 1417 2829 Exaudi
1438 2799 1565 2828 Christe.
1588 2797 1623 2826 Et
1645 2797 1760 2826 notarii
1784 2796 1828 2825 sic
1854 2795 2069 2834 respondent:
2096 2796 2221 2824 Domino

1258 2858 1358 2882 nostro
1373 2861 1446 2890 pape
1462 2852 1498 2880 N.
1519 2860 1537 2880 α
1554 2851 1608 2879 Deo
1626 2850 1739 2879 decreto
1755 2858 1875 2878 summo
1888 2849 2028 2886 pontifici?
2049 2853 2075 2877 et
2095 2850 2220 2876 univer-

1256 2907 1316 2935 sali
1331 2914 1406 2943 pape
1427 2906 1499 2934 vila.

1295 2965 1415 2995 Iterum
1431 2963 1675 2992 archidiaconus
1691 2961 1770 2990 dicit
1785 2972 1792 2989 t
1809 2960 1930 2989 Emittit
1948 2960 2074 2989 Christe.
2095 2958 2220 2988 Notarii

1256 3027 1383 3057 quoque
1398 3015 1591 3054 respondent
1605 3014 1767 3044 similiter.
