2465 3582
171 357 210 386 80

208 422 265 449 filie
283 430 351 453 sue,
370 421 452 447 modo
469 424 496 446 et
513 421 600 445 forma
618 419 782 452 premissis,
801 426 920 451 regnum
939 417 1079 452 prefatum
1101 417 1176 443 inte-

210 471 327 505 graliter
349 470 501 495 restituant
521 471 659 501 quantum
676 467 761 492 fuerit
778 466 803 491 in
821 466 941 492 eisdem.
959 465 1109 491 Ambobus
1124 473 1176 490 au-

209 523 267 546 tem
285 523 312 545 et
326 518 381 543 filio
396 521 423 542 et
439 517 493 542 filia
511 514 715 549 prenominatis
731 514 758 540 in
777 514 882 548 perfida
896 513 1087 540 Maeliometta
1098 517 1177 539 secta

209 565 476 602 perseverantibus,
504 563 611 589 dictum
642 562 705 588 fidei
732 562 921 588 commissum
947 561 1054 596 prefata
1079 562 1176 595 regina

211 616 300 642 voluit
323 613 453 640 similiter
473 620 537 637 esse
562 611 685 642 nullum⁷
703 611 814 636 irritum
838 614 866 636 et
891 610 988 640 inane,
1011 610 1095 635 modo
1119 618 1176 643 quo

209 671 297 697 supra
314 667 356 688 est
376 661 557 695 premissum.
575 659 609 684 Et
624 659 739 685 interim
755 658 858 684 dictam
876 658 973 684 sedem
990 658 1175 692 apostolicam

210 719 295 746 posse
313 711 393 744 plene
410 713 437 734 et
454 709 540 734 libere
557 708 590 733 de
607 707 716 742 prefato
733 715 830 740 regno,
844 707 908 740 ejus
922 707 1037 740 juribus
1053 711 1080 732 et
1095 706 1176 732 titulo

209 759 361 792 disponere
376 757 410 783 ad
427 765 477 782 sua
495 756 669 781 voluntatem
693 758 720 781 et
744 755 951 789 beneplacitum
976 759 1119 789 tamquam
1143 755 1177 780 de

213 815 253 837 re,
273 805 453 840 patrimonio,
474 803 630 829 hereditate
646 811 678 829 ac
695 803 777 829 bonis
792 803 852 828 suis
869 803 1001 836 propriis,
1024 803 1177 836 quibusvis

211 853 485 881 contradictionibus
503 860 556 877 non
574 851 767 878 obstantibus.

244 902 366 935 Insuper
386 901 414 927 in
436 900 553 934 reliquis
575 900 657 926 bonis
678 899 832 926 mobilibus
856 903 885 925 et
907 900 1100 926 immobilibus
1121 908 1177 933 que

208 959 261 977 sua
280 950 326 976 bic
343 950 368 975 in
386 949 464 975 Urbe
481 948 664 983 reperiuntur
679 952 706 973 et
723 952 830 979 extant,
845 956 915 974 suos
931 948 1051 973 heredes
1067 952 1095 973 et
1110 956 1177 973 suc-

208 1006 341 1026 cessores
357 998 439 1031 equis
457 996 637 1031 portionibus
660 996 784 1022 instituit
805 996 937 1022 similiter
957 1000 986 1022 et
1007 1004 1072 1022 esse
1090 997 1178 1022 voluit

209 1047 353 1074 dominam
379 1045 493 1071 Paulam
515 1044 650 1070 Mirosani
670 1044 861 1078 Mircbwicb,
878 1043 1020 1071 dominam
1041 1044 1176 1071 Helenam

205 1096 348 1123 «Iohannis
365 1094 576 1128 Scmpehovich
593 1097 621 1119 et
637 1093 780 1119 dominam
799 1092 906 1119 Maram
923 1093 1039 1127 Georgii
1057 1093 1178 1127 Misgle-

210 1145 322 1171 vovich.
343 1143 439 1170 Voluit
464 1143 582 1177 insuper
597 1146 625 1168 et
640 1142 785 1168 ordinavit
802 1142 909 1175 prefata
931 1143 1029 1175 regina
1049 1142 1124 1176 quod
1142 1151 1175 1167 ex

205 1194 292 1220 dictis
308 1194 370 1219 suis
387 1192 470 1218 bonis
486 1191 539 1217 sibi
556 1199 571 1217 a
588 1190 648 1216 Deo
667 1191 777 1217 collatis
797 1199 847 1224 pro
869 1191 1059 1223 funeralibus,
1078 1200 1178 1225 sump-

207 1242 287 1269 tibus
307 1245 335 1267 et
355 1241 502 1275 sepultura
525 1239 617 1265 fienda
637 1239 664 1265 iu
686 1239 762 1265 dicta
782 1240 905 1266 ecclesia
929 1239 1009 1265 beate
1035 1239 1123 1265 Marie
1143 1240 1177 1265 de

209 1290 339 1321 Araceli,
357 1289 516 1315 secundum
535 1288 610 1321 quod
628 1287 770 1314 videbitur
784 1288 846 1313 suis
868 1288 1059 1322 infrascriptis
1075 1297 1177 1314 execu-

208 1339 331 1370 toribus,
348 1342 528 1371 exponantur
544 1336 637 1362 ducati
654 1336 780 1362 ducenti.

244 1387 315 1413 ltem
334 1387 422 1412 voluit
437 1389 464 1411 et
484 1385 588 1419 legavit
603 1384 678 1410 dicte
696 1385 818 1411 ecclesie
835 1389 933 1411 sancte
951 1385 1037 1411 Marie
1053 1386 1087 1411 de
1105 1386 1178 1411 Ara-

207 1436 261 1462 celi
285 1435 389 1470 palium
411 1442 461 1459 sen
485 1442 569 1459 sunm
593 1433 685 1467 regale
708 1433 872 1458 mantellum
896 1432 931 1458 de
953 1441 1045 1466 panno
1065 1437 1175 1460 aurato.

208 1484 281 1510 Item
312 1484 403 1509 eidem
434 1483 557 1507 ecclesie
588 1482 613 1507 b.
640 1481 678 1508 M.
704 1481 738 1506 de
768 1481 881 1507 Araceli
912 1482 1017 1515 legavit
1046 1486 1074 1508 et
1103 1483 1177 1515 legat

211 1541 300 1559 unum
318 1532 412 1566 jusale
433 1531 573 1556 sericeum
596 1538 646 1564 pro
666 1529 753 1555 altare
769 1529 980 1563 cohoperiendo
996 1531 1176 1557 diversorum

208 1582 336 1607 colorum
357 1580 431 1613 quod
456 1587 505 1613 pro
522 1582 622 1604 ornatu
641 1586 693 1603 sue
709 1578 815 1610 capelle
832 1578 963 1604 babebat.
983 1578 1054 1604 Item
1071 1578 1178 1613 legavit

209 1633 238 1654 et
261 1629 335 1662 legat
356 1627 489 1661 hospitali
509 1627 601 1653 saneti
623 1625 791 1660 Hieronymi
813 1626 847 1651 de
869 1626 974 1652 Lausto
998 1635 1046 1661 pro
1064 1627 1177 1654 natione

208 1677 415 1704 Selavonoruiu
430 1675 565 1709 capellam
581 1682 661 1700 suam
679 1675 829 1708 integram,
843 1675 896 1700 boe
907 1678 951 1701 est
967 1676 1092 1706 missale,
1109 1676 1177 1702 cali—

205 1733 267 1751 cem
291 1733 356 1751 cum
383 1727 483 1758 patena
505 1727 532 1749 et
552 1723 710 1757 corporali,
728 1723 867 1756 planetam
885 1731 950 1749 cnm
971 1724 1033 1749 suis
1049 1724 1178 1750 camisiis

207 1779 235 1800 et
259 1774 323 1800 aliis
348 1772 574 1799 sacerdotalibus
603 1771 780 1798 indumentis
809 1777 836 1798 et
869 1780 956 1804 unum
979 1773 1075 1806 jusale
1102 1775 1178 1799 seri-

205 1831 288 1849 ceum
308 1822 384 1856 quod
407 1821 494 1846 altare
515 1821 709 1854 eohoperitur.
732 1819 802 1846 Item
826 1821 932 1854 prefata
949 1822 1046 1855 regina
1063 1822 1134 1848 dixit
1151 1826 1178 1848 et

205 1871 340 1898 confessa
362 1864 459 1895 est'se
482 1869 618 1894 babuisse
642 1876 675 1893 ex
698 1876 785 1894 causa
802 1870 892 1895 mutui
909 1878 922 1894 a
941 1870 1047 1903 prefata
1063 1870 1177 1896 domina

205 1919 293 1945 Paula
310 1919 429 1944 ducatos
446 1917 547 1950 viginti
565 1917 648 1943 uiuos.
668 1916 737 1941 Item
753 1917 823 1942 dixit
840 1924 870 1942 se
888 1917 1022 1943 habuisse
1038 1926 1053 1943 a
1071 1918 1176 1944 Ralla-e

205 1967 350 1994 Johannis
365 1966 478 1991 Clesirli
497 1974 548 1990 sue
564 1964 668 1990 domus
683 1966 820 1997 magistro
837 1966 956 1992 ducatos
973 1967 1174 1999 trigintaocto.

205 2016 277 2042 Item
299 2015 368 2041 dicit
391 2022 421 2039 se
443 2022 507 2039 esse
530 2014 696 2039 dobin-icem
720 2014 807 2039 certis
830 2014 959 2040 honestis
981 2016 1078 2040 causis
1101 2015 1176 2041 Luce

209 2063 407 2090 Vueieliovicli
429 2062 455 2087 in
473 2061 584 2087 duratis
602 2061 699 2087 decem
716 2065 743 2087 et
759 2065 823 2087 octo
839 2066 866 2087 et
882 2063 997 2088 carlinis
1014 2068 1088 2089 octo.
1106 2064 1177 2095 Qui-

205 2113 258 2138 bus
275 2116 340 2138 ante
356 2112 451 2137 onmia
468 2115 495 2136 et
511 2110 628 2135 cuilibet
643 2118 742 2135 eorum
759 2110 893 2136 satisfieri
913 2111 1002 2137 voluit
1017 2116 1045 2138 et
1062 2113 1176 2138 manda-

206 2160 255 2186 vit.
281 2159 410 2186 Ulterius
428 2158 534 2193 prefata
551 2158 666 2184 domina
683 2158 781 2192 regina
797 2159 871 2185 dicte
887 2159 1000 2186 domine
1018 2160 1104 2187 Paule
1120 2161 1176 2188 Mi-

207 2209 303 2235 rosani
319 2207 497 2233 Mircliovicli
515 2207 673 2240 prelegavit
688 2207 808 2233 ducatos
822 2208 1028 2242 qninquaginta
1045 2213 1073 2235 et
1090 2218 1174 2236 unam

207 2265 289 2283 snam
314 2261 421 2282 vestem
444 2255 478 2280 ‹le
499 2259 597 2280 zetano
620 2255 700 2288 nigro
721 2255 876 2281 foderatam
900 2257 934 2282 de
957 2257 1020 2283 dosi
1041 2262 1069 2283 et
1090 2267 1174 2285 unam

207 2304 289 2330 aliam
313 2304 347 2329 de
370 2312 462 2337 panno
487 2304 567 2336 nigro
588 2302 742 2328 foderatam
764 2303 798 2328 de
821 2304 943 2337 pellibus
964 2305 1020 2339 lupi
1043 2307 1173 2332 eei-vieri.

206 2353 278 2379 ltem
311 2351 467 2387 prelegavit
495 2351 609 2377 domine
639 2351 748 2377 Helene
777 2351 920 2378 Johannis
950 2353 1174 2388 Semphodivieb

202 2402 311 2436 prefate
334 2401 455 2426 ducatos
478 2400 580 2433 viginti
600 2400 726 2433 quinque
743 2404 769 2426 et
786 2409 870 2426 unam
888 2409 968 2427 suam
987 2407 1095 2428 vestem
1113 2404 1175 2428 lon-

202 2459 266 2485 gam
293 2450 328 2475 de
355 2458 447 2484 panno
472 2450 553 2481 nigro
577 2456 641 2474 cum
658 2450 718 2482 {sua
742 2449 830 2474 soldra
852 2449 886 2474 de
910 2451 1073 2476 aniarturis.
1102 2451 1172 2478 Item

204 2498 364 2533 prelegavit
379 2498 454 2523 dicte
470 2497 584 2523 domine
602 2497 676 2522 Mare
694 2497 811 2531 Georgii
830 2497 1036 2531 Misglenovicli
1054 2499 1175 2526 ducatos

203 2548 321 2580 triginta
338 2550 366 2572 et
383 2554 466 2571 unam
483 2554 564 2571 suam
583 2550 692 2571 vestem
711 2545 823 2579 longam
843 2546 878 2571 de
895 2555 988 2580 panno
1006 2548 1086 2581 nigro
1103 2550 1175 2574 sim-

204 2595 318 2629 plicem.
332 2595 400 2620 Item
413 2595 571 2628 prelegarit
584 2593 837 2627 t‘tadi‹»i,Jol1annis
849 2594 960 2621 Clesieli
972 2596 1110 2629 magistro
1121 2605 1174 2623 sue

204 2644 308 2670 demus
331 2644 451 2669 ducatos
472 2644 680 2676 qninquaginta
698 2647 726 2669 et
743 2651 828 2669 unam
845 2643 1007 2670 simitanam
1027 2653 1092 2670 eum
1112 2646 1174 2671 suis

204 2692 383 2718 ornamentis
402 2692 546 2725 argenteis
570 2695 598 2716 et
622 2699 706 2717 unam
731 2695 841 2717 vestem
867 2693 997 2718 toreham
1021 2693 1055 2718 de
1080 2694 1173 2719 serieo

200 2742 289 2767 rubeo
311 2745 339 2766 et
359 2749 429 2766 auro
449 2745 564 2766 textam.
583 2740 654 2766 Item
673 2740 779 2773 legavit
795 2740 921 2774 Georgio
937 2740 1047 2767 Nicolai
1064 2740 1174 2767 Zubra-

200 2790 264 2816 vicli
289 2798 343 2815 suo
367 2789 497 2814 familiari
521 2789 642 2814 ducatos
664 2789 882 2822 quinquaginta.
900 2789 971 2814 ltem
993 2789 1098 2823 legavit
1116 2789 1174 2815 Ila-

201 2838 289 2864 brabe
318 2837 418 2863 Radici
442 2845 494 2862 suo
518 2837 648 2863 familiari
672 2836 793 2863 ducatos
818 2837 944 2870 triginta.
969 2837 1041 2863 Item
1069 2838 1173 2871 legavit

199 2886 257 2912 filio
276 2893 330 2911 suo
347 2885 535 2917 Sigismundo
553 2893 641 2910 unum
658 2892 757 2911 ensem
779 2885 856 2918 regis
871 2885 916 2910 sui
934 2885 1022 2919 patris
1039 2890 1172 2912 ornatum

198 2938 330 2968 argento,
344 2942 376 2959 ea
392 2932 556 2959 conditione
573 2933 660 2967 quod,
677 2934 700 2959 si
717 2933 813 2959 dietus
831 2933 908 2959 filius
923 2933 988 2967 ejus
1005 2932 1173 2967 sigismun-

196 2982 254 3008 dus
274 2982 307 3008 ad
331 2990 425 3007 veram
444 2980 551 3007 Christi
574 2981 658 3007 fidem
677 2989 733 3007 non
751 2985 922 3013 revertatur,
940 2981 1045 3015 legavit
1065 2981 1172 3008 dictum

720 353 769 382 LE
793 353 937 382 LIBER
961 351 1196 382 CENSUUM
1219 351 1273 380 DE
1299 341 1484 380 L'EGLISE
1508 350 1719 381 ROMAINE.

1294 424 1394 442 ensem
1418 415 1512 442 Baose
1534 416 1590 442 filio
1615 416 1711 442 fratris
1731 416 1776 442 sui
1801 415 1952 442 Ladislavi.
1971 415 2044 441 Item
2061 415 2165 449 legavit
2181 415 2270 442 dictis

1294 464 1360 490 filiis
1378 464 1565 498 Sigismundo
1582 468 1609 490 et
1623 464 1776 490 Catlierine
1793 471 1880 490 unum
1901 463 2041 498 pugillare
2057 463 2091 489 de
2104 467 2224 497 argento
2240 467 2268 490 et

1294 513 1366 538 duas
1392 513 1497 539 tassias
1522 517 1550 538 et
1571 513 1643 538 duas
1665 519 1775 547 coppas
1797 515 1949 545 argenteas
1974 519 2041 538 cum
2062 512 2125 538 suis
2140 511 2269 546 eopertis

1294 561 1436 587 laboratas
1451 569 1516 587 cum
1534 561 1655 587 srnaldo.
1671 561 1743 587 Item
1761 561 1897 595 reliquias
1913 569 1982 587 suas
1996 569 2068 595 quas
2085 560 2169 587 habet
2184 569 2269 587 orna-

1295 614 1339 636 tas
1355 613 1474 643 argento
1490 614 1519 635 et
1532 610 1602 635 alias
1617 618 1672 643 que
1690 613 1809 643 argento
1827 617 1880 635 non
1899 609 2125 643 coboperinntur
2139 608 2269 635 reclusas

1295 658 1321 684 in
1346 661 1474 691 capsetta
1498 665 1550 684 sua
1578 658 1682 691 legarit
1706 657 1829 683 ecclesie
1854 661 1952 683 sancte
1978 655 2130 683 Catlierine
2157 656 2268 683 ordinis

1295 706 1439 732 Minoi-um
1457 707 1483 732 in
1502 705 1607 740 oppido
1621 705 1691 731 Jace
1712 705 1738 731 in
1757 713 1845 739 regno
1864 705 1969 731 Bosne.
1989 705 2110 739 Reliqua
2127 706 2201 731 bona
2216 713 2269 731 sua

1298 753 1435 788 prelibata
1453 753 1550 787 regina
1561 762 1617 788 que
1628 757 1804 787 supererunt
1816 753 1948 779 deductis
1961 753 2062 787 legatis
2075 753 2225 787 premissis
2240 756 2270 780 et.

1295 810 1344 827 ere
1366 802 1459 827 alieno
1481 801 1569 827 voluit
1591 806 1619 828 et
1639 801 1678 827 ita
1693 801 1835 827 ordinavit
1850 801 1926 835 quod
1945 809 1994 836 per
2010 809 2080 827 suos
2096 805 2271 827 executores

1296 850 1496 884 infrascriptos
1517 850 1676 876 secundum
1702 850 1830 884 ipsorum
1851 849 2074 883 descriptionem
2096 849 2170 876 inter
2187 849 2270 875 fami-

1296 898 1360 924 liam
1383 906 1465 924 suam
1483 898 1643 924 secundum
1661 898 1841 924 conditiones
1858 901 1886 924 et
1901 897 2002 923 merita
2020 906 2207 932 personarum
2224 897 2269 924 di—

1297 947 1440 974 vidantur.
1458 946 1637 972 Exeeutores
1653 950 1749 972 autem
1766 954 1837 972 suos
1853 946 1987 977 instituit,
2003 946 2144 972 ordinavit
2160 949 2188 972 et.
2203 953 2268 972 esse

1297 995 1386 1021 voluit
1411 995 1534 1020 nobilem
1561 995 1653 1020 virum
1670 995 1746 1028 juris
1772 995 1922 1028 utriusque
1948 994 2094 1020 doctorem
2120 994 2268 1020 dominum

1297 1044 1441 1070 Matlieum
1466 1043 1500 1069 de
1526 1043 1636 1077 Raguis
1660 1043 1694 1068 de
1720 1042 1858 1076 Ragusio,
1877 1042 2047 1068 canonicum
2070 1042 2265 1076 Ragusinum,

1297 1091 1531 1117 reverendissimi
1559 1090 1665 1116 domini
1692 1090 1846 1116 cardinalis
1869 1090 1961 1116 sancti
1989 1089 2063 1116 Petri
2088 1090 2122 1116 ad
2149 1089 2270 1116 Vincula

1296 1141 1491 1175 capellanum,
1515 1145 1542 1165 et
1564 1139 1708 1165 dominam
1734 1138 1850 1165 Paulam
1872 1138 2010 1164 Mirosani
2028 1137 2225 1164 Mirocliovich
2241 1140 2270 1164 et

1298 1189 1432 1215 Radicem
1450 1188 1592 1214 Jobannis
1608 1187 1702 1214 Clesic
1719 1187 1920 1221 supradictos:
1940 1187 2047 1220 quibus
2063 1186 2141 1213 dedit
2158 1186 2268 1220 plenam

1295 1242 1322 1264 et
1340 1238 1455 1263 liberam
1478 1240 1648 1271 potestatem
1670 1237 1768 1262 statim
1792 1239 1857 1270 post
1878 1235 1987 1261 obitum
2009 1236 2090 1269 ejas,
2109 1239 2138 1261 et
2159 1235 2270 1269 rogavit

1295 1286 1411 1311 eosdem
1432 1290 1460 1311 et
1482 1289 1563 1317 rogat
1587 1288 1616 1310 ut
1639 1293 1721 1311 suam
1745 1283 1939 1319 supradictam
1961 1287 2142 1318 exequantur
2166 1283 2270 1310 volun-

1296 1338 1398 1366 tatem,
1433 1335 1610 1368 promictens
1640 1333 1777 1367 quicquid
1809 1341 1858 1367 per
1883 1340 1934 1358 eos
1960 1333 2065 1358 factum
2079 1352 2086 1365 ‚
2117 1336 2211 1358 actum
2241 1335 2269 1358 et

1295 1389 1408 1417 gestum
1428 1383 1513 1408 fuerit
1530 1383 1554 1408 id
1574 1391 1605 1408 se
1627 1391 1662 1408 ex
1685 1390 1760 1408 nunc
1785 1385 1868 1416 prout
1884 1390 1918 1408 ex
1940 1385 2009 1407 tunc
2028 1386 2137 1415 ratum,
2155 1385 2268 1415 gratum

1295 1435 1323 1457 et
1339 1432 1451 1457 firmum
1471 1431 1642 1457 babituram.

1331 1480 1405 1505 Acta
1422 1484 1449 1505 et
1465 1484 1546 1512 gesta
1564 1479 1677 1505 fuerunt
1694 1478 1789 1504 omnia
1805 1479 2001 1512 suprascripta
2023 1487 2078 1512 que
2095 1478 2122 1503 in
2146 1478 2200 1504 boc
2216 1486 2270 1513 pu-

1296 1528 1370 1554 blico
1383 1531 1554 1553 testamento
1570 1528 1757 1553 continentur
1774 1526 1968 1561 presentibus,
1987 1526 2172 1553 audientibus
2186 1530 2215 1552 et
2227 1527 2270 1553 in-

1296 1576 1494 1610 telligentibus
1510 1575 1723 1601 venerabilibus
1737 1574 1910 1601 etdiscretis
1922 1583 1954 1601 ac
1972 1575 2116 1609 religiosrs
2133 1575 2212 1608 viris,
2226 1575 2268 1601 vi-

1296 1626 1400 1652 delieet
1411 1626 1526 1651 domino
1539 1625 1664 1658 Geor-gio
1676 1625 1710 1650 de
1722 1624 1878 1650 Marinellis
1890 1623 2091 1650 archidiacono
2104 1623 2229 1650 Arbensi
2241 1628 2270 1650 et

1296 1675 1443 1709 capellano
1467 1673 1703 1699 reverendissimi
1722 1676 1811 1707 patris
1827 1676 1855 1698 et
1877 1672 1984 1697 doinini
2001 1671 2155 1698 cardinalis
2175 1671 2268 1698 sancti

1297 1723 1403 1753 Marci;
1422 1723 1488 1748 item
1506 1721 1609 1747 Carulo
1630 1721 1664 1747 de
1680 1721 1805 1755 Tybure,
1823 1721 1909 1746 fratre
1924 1721 2051 1746 Antonio
2067 1720 2102 1745 de
2117 1720 2269 1754 Florentia,

1296 1771 1382 1797 fratre
1406 1770 1558 1796 Franciseo
1576 1770 1610 1795 de
1629 1769 1861 1802 Vallemontone,
1880 1769 1965 1794 fratre
1988 1768 2128 1803 I’liylippo
2144 1768 2178 1794 de
2197 1767 2269 1794 Ver-

1296 1820 1385 1849 cellis,
1401 1819 1485 1844 fratre
1497 1818 1624 1844 Mariano
1637 1818 1670 1843 de
1687 1818 1777 1843 Roma
1789 1821 1817 1843 et
1828 1818 1913 1843 fratre
1925 1816 2068 1850 Cypriano
2079 1817 2114 1842 ‹le
2130 1816 2269 1848 Viterbio,

1296 1868 1432 1893 fratribus
1457 1867 1623 1892 moimsterii
1646 1870 1672 1892 et
1695 1870 1857 1892 conventus
1873 1870 1971 1891 sancte
1987 1865 2074 1891 Marte
2090 1865 2125 1890 de
2144 1865 2270 1898 Araceli,

1295 1917 1327 1942 ad
1355 1916 1480 1950 predicta
1506 1916 1643 1948 legittime
1662 1915 1770 1940 voeatis
1791 1919 1818 1940 et
1841 1915 1967 1947 rogatis3
1989 1915 2037 1948 qui
2061 1914 2182 1940 inferius
2206 1914 2270 1940 suis

1297 1965 1418 1999 propriis
1436 1965 1568 1990 manibus
1580 1972 1611 1989 se
1625 1965 1650 1989 in
1667 1963 1749 1988 tidem
1765 1963 1892 1988 omnium
1909 1968 1936 1988 et
1948 1963 2128 1996 singulorum
2145 1963 2270 1996 premis-

1295 2021 1392 2038 sorum
1411 2013 1486 2038 desei
1497 2012 1639 2046 ipset-unt.
1658 2011 1728 2036 Post
1745 2011 1798 2036 hee
1814 2011 1920 2044 prefata
1936 2010 2050 2036 domina
2067 2011 2167 2044 regina
2183 2010 2269 2036 affec—

1295 2065 1359 2087 tans
1375 2061 1451 2095 quod
1469 2061 1522 2086 boe
1539 2068 1658 2095 presens
1675 2068 1761 2085 suuni
1780 2063 1984 2085 testamentum
2005 2059 2112 2093 prefato
2129 2058 2158 2085 S.
2179 2058 2213 2085 1).
2233 2058 2268 2086 N.

1296 2114 1323 2135 et
1344 2117 1426 2135 sacro
1442 2109 1629 2135 cardinalium
1647 2107 1768 2141 collegio
1788 2107 1814 2133 in
1833 2106 1946 2141 publica
1963 2107 2052 2133 forma
2072 2107 2268 2139 exhiberetur,

1295 2159 1407 2192 rogavit
1430 2157 1619 2183 reverendum
1645 2160 1752 2190 patrem
1775 2156 1922 2181 dominum
1948 2154 2181 2181 Bartholomeum
2207 2155 2269 2182 Ma-

1296 2214 1377 2232 rasca
1393 2206 1562 2240 episcopum
1579 2205 1771 2231 Castellanum
1789 2204 1910 2237 suisque
1929 2204 2046 2238 prefatis
2064 2203 2270 2230 executoribus

1290 2255 1381 2288 jussit
1402 2258 1430 2280 et
1452 2254 1595 2279 mandavit
1615 2258 1760 2287 quatenus
1781 2253 1834 2278 boc
1854 2261 1940 2278 suum
1962 2256 2165 2278 testamentum
2187 2259 2270 2278 reve·

1294 2302 1468 2328 rendissimo
1497 2302 1521 2327 in
1548 2301 1663 2327 Christo
1689 2301 1762 2335 patri
1787 2304 1815 2326 et
1839 2301 1955 2326 domino
1985 2299 2101 2326 domino
2128 2300 2269 2327 Roderico

1294 2351 1433 2386 episcopo
1457 2350 1610 2376 l'ortuensi
1633 2354 1817 2376 sacrosancte
1839 2348 1968 2374 Romane
1990 2349 2112 2375 ecclesie
2133 2348 2271 2375 cardinali

1295 2404 1322 2426 et
1340 2399 1585 2431 vicecancellari0‚
1603 2406 1656 2424 suo
1674 2397 1854 2432 pientissimo
1872 2397 2027 2431 protectori
2046 2405 2079 2423 ac
2095 2397 2269 2423 benefactori

1294 2448 1544 2481 singularissimo,
1569 2455 1623 2472 una
1648 2454 1712 2472 cum
1735 2446 1815 2480 regio
1839 2454 1909 2471 ense
1935 2449 2158 2480 presentat-etur,
2183 2446 2269 2479 cuius

1294 2496 1520 2522 dominationem
1549 2494 1819 2520 reverendissimam
1848 2494 1955 2528 prefata
1982 2494 2079 2527 regina
2106 2494 2217 2528 rogavit
2241 2497 2270 2520 et

1297 2549 1377 2579 rogat
1397 2549 1425 2570 ut
1446 2544 1644 2578 supradictum
1662 2552 1746 2569 suum
1765 2546 1968 2569 testamentum
1986 2542 2062 2568 dicto
2083 2542 2269 2568 sanctissimo

1293 2593 1411 2619 domino
1429 2598 1527 2618 nostro
1544 2597 1572 2618 et
1589 2600 1671 2618 sacro
1688 2591 1873 2617 cardinalium
1890 2591 2011 2625 collegio
2031 2599 2087 2616 una
2106 2598 2171 2616 cum
2189 2591 2268 2625 regio

1301 2650 1371 2667 ense
1390 2645 1578 2675 presentaret,
1599 2645 1629 2666 ut
1644 2640 1685 2666 sic
1702 2643 1892 2665 conservetur
1909 2643 2057 2673 perpetuo.

1329 2690 1363 2716 Et
1387 2698 1440 2724 ego
1466 2689 1613 2715 Antonius
1637 2688 1753 2722 Georgii
1776 2688 1810 2714 de
1834 2687 1976 2721 Somnia,
1996 2687 2147 2722 presbyter
2167 2687 2269 2721 Spala-

1294 2739 1387 2765 tensis
1399 2739 1534 2770 diocesis,
1548 2738 1671 2764 clericus
1689 2739 1715 2763 in
1734 2737 1850 2763 basilica
1867 2736 2006 2770 principis
2021 2737 2215 2769 apostolorum
2232 2735 2270 2762 de

1294 2787 1382 2820 Urbe,
1412 2787 1545 2821 publicus
1569 2785 1708 2820 imperiali
1740 2786 1910 2811 auctoritate
1942 2783 2087 2815 notai-ius,
2112 2784 2178 2818 quia
2203 2791 2269 2818 pre-

1294 2836 1393 2862 missis
1413 2839 1480 2866 ete.,
1504 2835 1649 2868 publicum
1671 2841 1791 2868 presens
1808 2835 2011 2858 testamentum
2027 2831 2148 2863 confeci,
2166 2833 2268 2866 signo-

1291 2893 1347 2918 que
1364 2888 1392 2910 et
1411 2885 1525 2909 nominc
1543 2883 1615 2908 meis
1631 2882 1781 2908 consuetis
1797 2881 1908 2914 signavi
1926 2884 1982 2907 etc.

1326 2933 1388 2967 Ego
1404 2932 1551 2966 Georgius
1567 2932 1601 2957 de
1619 2930 1786 2960 Marinellis,
1803 2928 2025 2955 archidiaconus
2041 2928 2195 2961 Arbensis,
2209 2933 2268 2954 tes-

1291 2982 1331 3008 tis
1349 2982 1583 3016 suprascriptns,
1602 2979 1738 3006 omnibus
1755 2982 1782 3004 et
1804 2977 1929 3011 singulis
1949 2984 2005 3010 que
2022 2975 2050 3002 in
2069 2976 2269 3010 suprascripto
