2423 3540
201 332 255 362 128
1143 327 1345 357 ALBINUS.

198 400 266 427 25.
290 414 328 420 —
352 400 453 427 Amor)
475 400 720 427 JtrnAMENTch

280 477 344 514 Ego
362 477 536 513 Gregorius
559 477 598 505 de
623 476 713 505 Valle
740 476 902 505 Montonis
929 476 967 504 ab
988 475 1046 504 hac
1070 474 1147 503 bora
1168 474 1200 502 in

240 535 333 559 antea
350 529 452 558 fidelis
468 538 522 559 ero
539 529 655 559 domno
675 538 751 567 pape
768 528 912 558 Adriano
928 529 1062 566 eiusque
1078 535 1200 555 succes—

239 583 363 612 soribus
381 582 534 611 canonice
547 582 753 611 intrantibus.
770 584 884 610 Arcem
901 581 996 610 castri
1008 589 1106 619 qnam
1120 579 1202 608 mihi

241 635 411 664 tenendam
427 640 454 663 ct
464 635 702 664 custodiendam
716 634 875 663 commisit
886 634 923 662 ad
936 642 1014 671 opus
1024 636 1130 662 sancte
1143 633 1202 662 Ro-

238 696 331 716 mane
354 687 483 716 ecclesie
510 692 539 716 et
565 687 751 716 mandatum
778 686 953 715 eorundem
981 687 1200 715 Romanorum

239 740 425 778 pontificum
452 739 591 768 fideliter
609 739 785 768 custodiam
811 744 841 768 et
865 739 1037 775 diligenter
1057 738 1200 767 servabo.

239 793 456 822 possessiones
483 801 555 821 vero
578 792 677 830 ipsius
701 792 795 821 castri
815 793 936 830 absque
956 800 1112 821 consensu
1139 791 1201 820 Ro-

238 846 325 874 mani
346 846 503 884 pontificis
519 846 557 874 ad
576 846 755 883 dampnum
777 850 883 874 sancte
906 845 1050 875 Romane
1071 844 1202 873 ecclesie

238 907 300 928 non
325 898 434 927 locabo
455 908 510 928 nec
532 899 706 928 infeudabo
724 908 780 927 nec
801 899 909 937 aliquo
928 898 1022 927 modo
1040 898 1199 927 alienabo.

237 951 270 981 Si
290 959 363 980 vero
379 950 487 989 aliquo
507 957 644 989 tempore
663 952 826 980 Romanus
844 951 983 989 pontifex
1001 955 1139 979 castrum
1155 950 1201 989 ip-

236 1013 306 1033 sum
327 1014 381 1042 per
404 1014 435 1033 se
458 1004 505 1033 vel
528 1014 582 1042 pei·
598 1009 719 1034 certum
743 1006 893 1033 nuntium
912 1004 959 1033 vel
979 1013 1033 1042 per
1048 1004 1168 1033 litteras
1184 1013 1200 1032 a

236 1066 287 1086 me
305 1057 518 1096 requisiverit,
535 1057 653 1095 absque
669 1057 813 1087 molestia
831 1062 858 1086 et
875 1057 1123 1087 contradictione
1141 1066 1202 1086 res-

239 1111 360 1139 tituam.
388 1110 452 1139 Hec
477 1111 585 1139 omnia
605 1111 679 1149 juro
702 1114 732 1139 et
752 1110 924 1140 observabo
948 1110 1017 1138 sine
1041 1109 1150 1138 fraude
1172 1114 1201 1138 et

237 1165 319 1195 malo
334 1165 475 1202 ingenio.

196 1286 266 1314 26.
293 1302 331 1306 —
356 1284 445 1315 ano
473 1285 628 1315 Romanus
650 1294 687 1314 οε
710 1293 1000 1315 coxsueruoixiacs
1024 1294 1061 1313 ar
1086 1292 1199 1314 ossea-

274 1347 400 1367 vaxrns
428 1338 561 1367 Itomae
589 1346 735 1367 ECCLESIE
764 1347 794 1366 ix
822 1346 983 1367 passcipuis
1011 1346 1199 1367 SOLLEMPNJ-

274 1393 442 1420 TATIBUS2.

277 1491 332 1528 [1.]
355 1493 380 1520 A
405 1491 565 1520 dominica
586 1491 624 1520 de
642 1491 791 1520 Adventu
815 1500 916 1529 usque
934 1491 972 1519 ad
992 1491 1198 1519 Nativitatem

234 1548 294 1573 eta
310 1543 548 1581 Septuagesima
567 1552 667 1581 usque
683 1543 721 1572 ad
742 1543 862 1572 Pascha
878 1543 1016 1572 domnus
1035 1552 1114 1581 papa
1134 1551 1198 1573 non

234 1600 335 1635 portat
351 1597 577 1625 aurifrisiatam
604 1597 731 1626 mitram
751 1606 809 1626 uec
825 1601 931 1626 cantat
945 1597 988 1625 Te
1010 1597 1109 1625 Deum
1128 1596 1198 1625 lau-

235 1650 358 1683 damus,
377 1649 439 1678 nisi
457 1649 490 1678 in
506 1650 665 1688 precipuis
682 1650 768 1679 sestis
784 1655 814 1679 et
829 1650 862 1679 in
880 1650 991 1679 Letare
1003 1649 1196 1683 Jerusalem,

235 1711 297 1741 quo
315 1702 367 1731 die
392 1703 570 1732 cardinales
593 1704 719 1733 diaconi
741 1707 874 1733 utuntur
891 1703 1037 1741 planetis.

276 1755 327 1794 [2.]
356 1756 391 1785 ln
417 1756 530 1794 vigilia
554 1757 677 1785 Natalis
698 1757 826 1786 Domini
851 1757 936 1785 vadit
958 1757 1098 1786 domnus
1122 1765 1199 1795 papa

237 1817 291 1847 pro
307 1808 506 1838 celebrandis
521 1809 660 1848 vesperis
674 1809 712 1838 ad
732 1813 873 1839 sanctam
893 1810 1026 1839 Mariam
1046 1810 1198 1848 maj0rem

236 1865 265 1890 et
289 1866 432 1891 remanet
451 1862 495 1891 ibi
519 1863 551 1891 in
575 1868 665 1892 nocte
685 1863 752 1901 ipsa
773 1867 802 1891 et
823 1862 960 1892 celebrat
980 1864 1110 1892 missam
1134 1864 1200 1901 pri—

237 1923 321 1943 mam
338 1915 377 1944 ad
393 1915 540 1954 Presepe.
559 1916 595 1945 In
613 1924 727 1945 aurora
743 1916 827 1944 vadit
843 1916 880 1945 ad
898 1921 1038 1945 sanctam
1061 1918 1200 1945 Anasta-

237 1967 315 1996 siam
333 1972 363 1997 et
377 1972 483 1997 cantat
500 1969 543 1997 ibi
564 1969 698 2006 primam
724 1974 753 1998 et
775 1969 906 1998 missam
927 1970 1111 1999 secundam.
1130 1970 1201 2005 Qua

238 2019 327 2048 finita
346 2024 523 2049 revertatur
540 2021 577 2049 ad
602 2026 742 2050 sanctam
764 2022 900 2051 Mariam
923 2022 1075 2059 majorem
1097 2027 1126 2051 et
1150 2024 1200 2051 in-

239 2076 297 2102 trat
313 2074 486 2103 sacrarium
500 2083 572 2103 cum
589 2074 806 2104 cardinalibus
819 2075 1021 2110 diaconibus,
1035 2075 1200 2105 subdiaco-

238 2126 333 2155 nibus
350 2131 379 2155 et
395 2126 530 2165 reliquis
546 2127 725 2166 ordinibus,
746 2133 775 2157 et
797 2128 880 2157 dicta
901 2129 990 2157 tertia
1009 2129 1152 2158 induunt
1168 2138 1200 2158 se

237 2183 268 2208 et
288 2179 561 2217 processionaliter
586 2180 707 2209 vadunt
729 2181 766 2210 ad
791 2181 901 2211 altare.
926 2182 1050 2211 Deinde
1070 2182 1197 2211 missam

236 2233 348 2271 incipit
363 2237 393 2262 et
406 2237 473 2271 post
485 2233 619 2272 primam
635 2234 811 2264 orationem
825 2234 952 2264 diaconi
967 2241 996 2264 et
1012 2235 1199 2265 subdiaconi

236 2290 265 2315 et
285 2286 338 2315 alii
365 2286 492 2316 ordines
514 2283 586 2316 cum
612 2288 792 2317 scriniariis
817 2289 938 2317 faciunt
955 2288 1066 2318 laudes
1082 2289 1201 2318 domno

237 2347 323 2376 pape.
338 2339 452 2368 Finitis
464 2339 614 2369 laudibus
625 2340 771 2370 ascendit
785 2350 969 2371 ammonem
985 2342 1200 2372 subdiaconus

235 2391 355 2421 latinus
374 2401 447 2421 cum
469 2393 662 2423 subdiacono
679 2402 772 2431 greco
795 2398 825 2423 et
846 2394 924 2424 lecta
946 2394 1044 2424 latina
1067 2395 1199 2433 epistola

234 2605 254 2629 1.
273 2603 364 2630 Mcme
381 2604 537 2638 pontificat.
554 2619 587 2624 —·
609 2605 748 2640 Gregoire
765 2606 798 2632 de
821 2606 1028 2639 Valmontone,
1047 2611 1168 2643 prepose
1184 2612 1198 2635 a

195 2652 219 2677 la
242 2653 328 2684 garde
347 2652 382 2678 de
405 2661 437 2678 cc
463 2654 599 2684 cliateau,
627 2655 704 2687 prete
726 2660 853 2681 serment
878 2656 912 2682 de
936 2656 1042 2683 fidente
1065 2666 1100 2683 au
1127 2667 1198 2692 pape

195 2700 301 2725 Adi-ivn
322 2699 370 2725 lV.

230 2748 254 2774 ’2,
272 2748 309 2774 Ce
322 2753 396 2774 texte
409 2749 508 2775 d'Oraelo
519 2758 550 2775 se
562 2754 662 2777 trouve
678 2752 757 2777 aussi
773 2752 845 2778 dans
862 2753 887 2778 la
902 2754 1053 2780 collection
1070 2755 1104 2781 de
1121 2754 1197 2782 Cen-

194 2797 256 2821 cius
268 2796 366 2827 «1511,
377 2806 403 2831 p.
414 2798 487 2829 ς190),
499 2800 569 2825 mais
583 2808 652 2826 avec
665 2800 814 2835 beaucoup
825 2801 859 2827 de
872 2804 1105 2830 remaniements.
1121 2804 1198 2831 Pour

194 2844 314 2870 faciliter
331 2845 370 2870 les
386 2847 639 2880 rapprochements
650 2870 656 2878 ,
676 2849 706 2882 je
722 2849 873 2882 reproduis
891 2850 927 2876 ici
943 2851 969 2877 la
986 2854 1195 2879 nume'i·otation

193 2893 244 2918 des
263 2893 406 2927 cliapities
422 2893 455 2920 de
472 2894 604 2928 Cencius,
627 2897 691 2923 telle
712 2906 768 2931 que
789 2897 923 2925 Mahillon
947 2899 981 2925 l'a
1004 2901 1117 2927 etablie.
1141 2901 1198 2928 Sur

193 2946 267 2967 cette
289 2943 496 2968 nurnerotation
510 2964 516 2977 ‚
532 2945 592 2970 voir
608 2945 687 2972 l'avis
702 2954 738 2972 au
756 2947 806 2973 bas
822 2947 856 2973 de
873 2948 898 2973 la
915 2957 986 2983 page
1000 2949 1051 2976 2³90
1067 2949 1103 2976 du
1121 2954 1196 2976 tome

195 2989 358 3024 procedent.

1325 395 1468 434 legi(tnr)
1483 404 1586 433 greca.
1607 396 1659 426 Sic
1677 397 1772 426 etiarn
1797 396 1914 435 legitur
1927 397 2132 435 evangelium
2151 398 2289 428 latinum

1325 453 1354 476 et
1372 456 1514 484 grecum.

1366 500 1494 538 Expleta
1512 511 1585 532 vero
1601 503 1701 532 missa
1721 503 1860 532 domnus
1877 513 1955 542 papa
1971 508 2142 534 coronatur
2157 504 2196 533 ad
2217 512 2289 542 por-

1326 557 1386 582 tam
1409 554 1510 590 ipsius
1526 555 1659 585 ecclesie
1676 556 1716 585 ab
1732 556 1958 586 archidiacono
1981 565 2051 586 cum
2073 565 2137 586 uno
2154 557 2291 586 diacono

1324 610 1353 634 et
1370 606 1452 635 redit
1469 607 1506 636 ad
1527 607 1681 646 palatium
1702 610 1917 638 Lateranense
1932 613 2115 639 coronatus.
2133 609 2224 638 Tunc
2236 609 2290 647 jn-

1324 659 1411 688 dices
1427 664 1455 688 et
1473 660 1615 690 advocati
1643 662 1777 691 veniunt
1802 663 1829 691 ei
1852 663 1976 692 obviam
2002 662 2060 692 sub
2082 662 2233 700 gradibus
2255 662 2288 691 in

1325 712 1469 749 porticu,
1495 713 1604 752 ibique
1623 714 1787 744 descendit
1809 715 1947 744 domnus
1971 724 2066 754 papa,
2093 719 2124 744 et
2147 715 2289 753 deposito

1325 774 1424 802 regno
1438 766 1558 795 faciunt
1571 767 1600 795 ei
1617 766 1740 797 laudes.
1756 768 1878 797 Deinde
1891 768 2011 798 ducunt
2022 777 2095 797 eum
2109 777 2163 805 per
2174 777 2290 797 manus

1320 818 1443 855 judices
1461 828 1559 857 usque
1577 820 1615 848 ad
1634 820 1750 857 gradus
1771 821 1822 850 nbi
1847 825 1894 850 est
1919 825 1984 850 rota
2008 819 2195 859 po'ifiretica,
2225 820 2288 850 ibi-

1322 879 1384 908 que
1399 871 1563 908 presbiteri
1581 872 1758 902 cardinales
1771 873 1872 902 sancti
1887 873 2051 902 Laurentii
2068 873 2143 902 soris
2160 881 2287 902 murum

1323 923 1443 952 faciunt
1469 925 1496 953 ei
1524 924 1646 955 laudes.
1671 925 1725 955 Set
1747 926 1873 964 jndices
1893 926 2017 955 ducunt
2037 935 2111 955 eum
2134 934 2234 963 usque
2249 925 2289 954 ad

1323 985 1494 1006 cameram.
1513 978 1602 1007 Tunc
1624 987 1697 1007 vero
1719 983 1839 1008 exuunt
1855 988 1928 1008 eum
1952 979 2077 1017 planeta
2098 984 2127 1007 et
2146 978 2290 1017 apposito

1324 1034 1432 1058 manto
1448 1039 1542 1068 super
1559 1030 1705 1069 scapulas
1722 1031 1810 1060 sedet
1825 1031 1856 1060 in
1876 1030 1955 1061 lecto
1974 1035 2004 1060 et
2016 1031 2151 1069 largitur
2168 1030 2289 1069 presbi-

1326 1083 1439 1111 terium
1458 1083 1585 1112 cunctis
1603 1083 1771 1113 ordinibus
1787 1085 1912 1122 propria
1929 1093 2039 1113 mann.

1365 1135 1417 1173 [5.]
1438 1136 1642 1165 Postmodum
1663 1145 1735 1165 vero
1752 1137 1797 1165 sic
1811 1137 1944 1166 indutus
1958 1137 2088 1166 ducitur
2102 1147 2119 1166 a
2139 1137 2290 1174 magistro

1324 1188 1505 1218 senescalco
1523 1193 1552 1217 et
1571 1190 1723 1226 magistro
1743 1190 1896 1228 pincerna
1913 1191 1952 1219 ad
1971 1199 2114 1219 mensam
2135 1191 2221 1227 juxta
2237 1199 2290 1220 ca-

1324 1250 1444 1270 meram
1470 1242 1502 1270 in
1527 1251 1632 1271 casam
1653 1243 1804 1281 majorem
1828 1253 1891 1281 qne
1914 1249 2044 1273 vocatur
2062 1243 2192 1273 basilica
2212 1244 2289 1274 Leo-

1324 1294 1373 1323 nis
1387 1294 1433 1323 111
1449 1304 1536 1332 pape.
1554 1295 1602 1324 Ad
1618 1305 1762 1325 mensam
1780 1304 1853 1325 vero
1865 1296 1943 1333 legit
1958 1305 2040 1325 unus
2051 1296 2090 1326 de
2103 1296 2291 1326 diaconibus

1322 1347 1540 1378 cardinalibus
1565 1357 1639 1377 cum
1666 1348 1809 1387 pluviali.
1836 1350 1928 1379 Circa
1952 1350 2049 1379 finem
2075 1358 2185 1379 mense
2207 1349 2291 1380 scola

1322 1405 1487 1429 cantorum
1509 1406 1615 1430 cantat
1632 1402 1844 1439 sequentiam.
1864 1402 1990 1438 Quibus
2008 1402 2141 1441 expletis
2157 1402 2290 1432 descen—

1323 1452 1404 1481 dunt
1419 1453 1458 1481 ad
1476 1453 1641 1482 ecclesiam
1659 1454 1906 1484 Lateranensem
1924 1460 1954 1484 et
1969 1455 2146 1484 decantatis
2163 1455 2207 1485 ibi
2221 1464 2290 1485 ves-

1323 1506 1408 1543 peris
1426 1514 1539 1535 omnes
1557 1511 1761 1536 revertuntur
1777 1508 1814 1537 ad
1832 1509 1970 1546 propria.

1361 1558 1416 1596 [6.]
1438 1559 1474 1588 ΙΝ
1493 1567 1751 1589 SOLLEMPNJTATE
1771 1570 1860 1590 nam
1880 1561 2051 1590 STEPHANJ.

1362 1612 1397 1640 In
1428 1612 1478 1641 die
1506 1613 1608 1642 sancii
1635 1613 1789 1652 Stephani
1816 1623 1943 1644 summo
1970 1624 2064 1644 mane
2091 1614 2292 1645 conveniunt

1321 1674 1434 1695 omnes
1449 1666 1629 1696 cardinales
1648 1667 1680 1696 in
1702 1667 1818 1706 palatio
1836 1672 1865 1697 et
1886 1668 2026 1697 induunt
2047 1677 2080 1698 se
2102 1677 2214 1698 omnes
2236 1677 2289 1698 or-

1321 1719 1415 1748 dines
1430 1725 1460 1748 et
1473 1720 1610 1750 domnus
1625 1730 1703 1759 papa
1717 1721 1817 1750 intrat
1830 1721 1993 1751 basilicam
2009 1722 2110 1751 sancti
2123 1722 2291 1752 Laurentii

1322 1772 1431 1811 ibique
1447 1773 1555 1802 induit
1569 1783 1600 1803 se
1618 1773 1744 1812 planeta
1757 1774 1840 1810 alba,
1861 1778 1890 1804 et
1906 1774 2104 1804 descendens
2121 1774 2159 1804 de
2174 1774 2291 1813 palatio

1323 1837 1423 1866 usque
1437 1828 1474 1856 ad
1494 1829 1705 1866 porticellum,
1724 1829 1829 1858 induit
1844 1838 1978 1866 regnum
1996 1834 2026 1859 et
2041 1829 2127 1859 vadit
2139 1829 2178 1859 ad
2189 1829 2290 1860 eccle-

1323 1881 1401 1909 siam
1420 1881 1503 1910 beati
1520 1882 1673 1920 Stephani
1691 1887 1870 1912 coronatus.
2110 1911 2111 1914 ,

1364 1933 1417 1973 [8.]
1436 1934 1527 1963 'l'ucc
1546 1935 1687 1972 deposito
1706 1944 1804 1973 regno
1825 1936 1922 1964 intrat
1937 1935 2123 1971 ecclesiam,
2148 1935 2291 1974 tactaque

1322 1989 1466 2016 oratione
1488 1988 1573 2016 vadit
1595 1988 1632 2016 ad
1655 1988 1828 2017 sacrarium
1853 1993 1883 2017 et
1906 1988 2047 2026 deposita
2071 1987 2198 2026 planeta
2219 1987 2291 2017 alba

1323 2040 1429 2068 induit
1448 2040 1580 2068 rubeam
1600 2046 1630 2069 et
1651 2040 1787 2070 celebrat
1806 2041 1937 2070 missam
1958 2042 2040 2071 sicut
2058 2042 2207 2070 hesterna
2224 2041 2288 2071 die.

1325 2093 1420 2122 Missa
1445 2101 1518 2122 vero
1543 2094 1633 2122 finita
1659 2095 1792 2123 resumit
1815 2094 1974 2132 planetam
2000 2095 2104 2123 albam
2129 2099 2160 2124 et
2185 2094 2292 2124 induit

1323 2155 1471 2183 regnum.
1492 2146 1605 2176 Cetera
1623 2156 1695 2177 vero
1712 2148 1793 2176 tiunt
1809 2149 1889 2178 sicut
1907 2148 2057 2178 hesterno
2073 2149 2136 2178 die.

1364 2199 1437 2238 [itt]
1457 2200 1490 2229 lx
1509 2200 1754 2231 Pumricawona
1769 2210 1886 2230 SANCTE
1906 2202 2024 2231 Mami-2.

1364 2253 1458 2282 Vadit
1482 2253 1621 2283 domnus
1649 2263 1725 2292 papa
1743 2254 1781 2282 ad
1805 2260 1947 2283 sanctam
1971 2255 2160 2289 Martinam,
2185 2258 2291 2284 cantet

1323 2306 1468 2342 tertiam,
1496 2306 1613 2335 deinde
1637 2307 1743 2336 induit
1768 2316 1800 2337 se
1825 2308 1859 2336 in
1889 2307 2023 2337 ecclesia
2050 2307 2105 2336 illa
2130 2316 2229 2346 usque
2249 2308 2290 2337 ad

1322 2358 1526 2388 dalmaticam
1547 2364 1577 2388 et
1594 2360 1706 2389 induto
1723 2366 1830 2390 manto
1846 2365 1876 2390 et
1897 2361 2040 2399 apposita
2061 2361 2155 2390 mitra
2172 2360 2288 2390 discal-

1322 2412 1385 2441 ciat
1403 2421 1451 2448 se,
1476 2417 1522 2441 set
1539 2412 1693 2451 planellos
1714 2413 1867 2443 reinduit.
1892 2414 2025 2443 Interim
2053 2414 2290 2444 benedicuntur

1322 2466 1404 2495 cerei
1439 2466 1506 2495 sire
1542 2467 1674 2496 candele
1706 2477 1723 2496 a
1748 2467 1876 2505 juniori
1909 2467 2085 2505 presbitero
2119 2467 2287 2498 cardinali.

1324 2519 1447 2548 Deinde
1465 2519 1528 2548 exit
1546 2519 1585 2548 ab
1602 2519 1736 2549 ecclesia
1757 2525 1787 2549 et
1806 2520 1950 2549 ascendit
1968 2520 2074 2549 sedem
2093 2529 2154 2559 que
2172 2525 2219 2550 est
2234 2530 2290 2559 pre

1321 2571 1443 2601 foribus
1467 2573 1567 2610 ipsius
1599 2573 1732 2602 ecclesie
1766 2577 1796 2602 et
1821 2572 1957 2610 largitur
1984 2572 2100 2612 populo
2127 2573 2287 2603 candelas.

1323 2624 1447 2654 Deinde
1463 2625 1547 2654 vadit
1558 2634 1613 2663 per
1629 2626 1783 2663 porticum
1798 2626 1836 2654 ad
1852 2626 2018 2655 ecclesiam
2035 2626 2137 2656 sancti
2151 2626 2288 2656 Adriani

1320 2678 1358 2707 ad
1377 2678 1484 2707 sedem
1501 2688 1562 2717 que
1578 2683 1624 2708 est
1642 2683 1709 2716 post
1723 2679 1833 2714 altare,
1849 2679 1960 2717 ibique
1976 2679 2030 2708 dat
2045 2679 2194 2709 candelas
2210 2679 2289 2718 epis-

1320 2731 1405 2769 copis
1419 2735 1448 2760 et
1464 2731 1684 2761 cardinalibus
1702 2737 1731 2761 et
1747 2732 1820 2761 aliis
1837 2732 1966 2762 clericis
1982 2733 2048 2762 sive
2066 2732 2167 2761 laicis.

1360 2785 1385 2821 [l
1398 2783 1434 2822 l.]
1446 2784 1510 2814 'Sed
1527 2785 1603 2814 dum
1620 2789 1760 2822 aguntur
1777 2785 1846 2821 hec,
1863 2785 2053 2815 deferuntur
2069 2785 2181 2815 XVlII
2197 2794 2287 2824 yma·

1319 2837 1409 2874 gines
1435 2837 1524 2867 beate
1550 2838 1651 2867 Marie
1675 2847 1710 2867 ex
1740 2838 1875 2877 [X]Vlll
1904 2838 2062 2868 diaconiis
2086 2838 2124 2867 ad
2151 2838 2286 2868 eandem

1319 2889 1486 2919 ecclesiam
1504 2890 1608 2919 sancti
1626 2891 1773 2927 Adriani,
1794 2891 1923 2929 singule
1938 2891 2086 2921 diaconie
2104 2900 2175 2920 cum
2193 2899 2287 2929 yma-

1318 2943 1451 2980 ginibus
1466 2943 1535 2972 suis
1551 2947 1581 2972 et
1597 2943 1733 2973 clericis.
1758 2944 1848 2973 Datis
1871 2953 1944 2974 vero
1962 2945 2062 2974 cereis
2080 2943 2286 2982 primicerius

1319 2995 1403 3025 scole
1426 3000 1594 3025 cantorum
1618 2996 1732 3035 incipit
1755 2997 1993 3036 responsorium
2017 2998 2138 3033 Exurge
2163 2997 2289 3026 Domine
