2465 3582
807 362 855 391 LE
878 361 1022 391 LIBER
1045 359 1277 390 CENSUUM
1301 358 1355 388 DE
1378 349 1564 388 L‘EGLISE
1586 357 1797 388 ROMAINE.

311 430 394 466 Quid
411 428 449 457 ab
466 428 520 457 illo
537 427 621 463 fidei,
639 427 715 465 quid
733 427 954 457 retributionis
970 427 1096 456 alienus
1111 430 1262 464 expectet,

310 483 367 521 qui
387 482 448 510 Deo
460 481 566 517 fidem,
586 480 767 509 fidelitatem
785 480 916 510 domino
934 489 995 510 non
1012 479 1194 513 attendens,
1215 478 1262 507 af-

311 538 424 567 Fectum
442 536 530 574 patri,
554 535 721 574 promotori
741 535 842 564 vicem
865 539 928 564 tam
948 535 1029 564 tristi
1046 535 1263 564 vicissitudine

312 589 548 627 recompensat?

349 643 396 671 4‘2.
412 657 449 664 -
466 641 579 671 Adhuc
594 645 699 670 autem
717 641 841 678 spirans
857 641 1020 670 minarum
1037 646 1067 671 et
1083 641 1179 676 cedis,
1197 645 1262 669 tur-

311 696 372 724 rim
389 695 464 724 dicti
481 695 565 723 Petri
583 693 764 731 frangibilis
782 694 1031 732 Frangipannm,
1051 695 1141 731 cujus
1158 697 1263 731 poten-

313 749 354 777 tia
386 747 471 776 Petri
501 747 645 776 credebat
674 746 846 776 humiliare
875 747 1056 785 primatum,
1087 746 1264 784 sumptibus

310 800 443 839 propriis
460 800 547 829 refici
566 799 755 837 procuravit.
776 800 892 828 Verum
910 808 982 829 cum
1001 807 1164 828 summum
1184 807 1262 836 pon-

313 853 426 882 tificem
443 852 524 891 apud
548 853 728 889 Anagniam
748 857 843 881 estate
862 852 966 881 media
984 852 1170 881 clementior
1187 860 1263 881 aura

310 906 497 943 susciperet,
517 906 681 934 Romanus
705 905 838 943 populus
856 905 889 934 in
910 905 1146 943 Assumptionis
1165 905 1262 941 virgi-

311 959 363 987 nis
386 958 521 995 gloriose
546 957 655 995 vigilia
680 957 852 987 Salvatoris
878 958 1062 996 ymaginem
1091 967 1143 996 per
1167 957 1262 987 Urbis

310 1010 394 1040 vicos
410 1019 445 1039 ex
463 1010 593 1048 antiqua
611 1010 855 1049 [consuetudine
872 1010 1026 1048 deduxit]¹
1050 1010 1117 1045 Que
1135 1009 1211 1038 dum
1228 1010 1261 1038 in

309 1064 388 1092 atrio
410 1068 579 1102 poneretur
599 1062 729 1092 ecclesie
751 1072 813 1101 qne
836 1063 950 1092 Sancta
974 1063 1074 1091 Maria
1097 1062 1185 1091 Nova
1206 1071 1261 1092 vo-

309 1121 408 1151 catur,
419 1116 511 1153 quasi
527 1116 641 1153 quietis
654 1116 844 1145 beneficium
858 1120 1032 1153 receptura,
1046 1115 1263 1153 blansphemis

310 1169 499 1207 quibusdam
518 1169 750 1208 conducti[ci]is
773 1169 933 1198 Frederici
960 1169 1090 1206 predicti
1110 1168 1263 1206 sacrilega

310 1231 385 1252 voce
396 1222 626 1251 clamantibus:
643 1234 655 1247 υ
672 1222 748 1251 Ecce
760 1222 913 1257 Salvator,
930 1222 1036 1250 veniat
1049 1222 1230 1259 imperator!
1248 1234 1260 1247 η

313 1275 409 1305 turris
427 1275 481 1304 illa
498 1276 528 1304 iu
550 1275 760 1313 ignominiam
784 1284 896 1312 sponse
913 1274 1031 1304 Christi
1047 1275 1085 1304 de
1107 1275 1263 1312 sanguine

311 1338 485 1367 pauperum
502 1334 531 1357 et
555 1329 694 1358 lacrimis
716 1329 882 1357 viduarum
900 1338 915 1357 e
934 1329 1051 1358 vicinio
1073 1335 1173 1357 erecta
1192 1338 1262 1358 mox

309 1391 416 1411 eversa
434 1382 592 1417 funditus,
612 1381 925 1419 blanspliemantium
950 1381 1190 1410 multitudinem
1210 1382 1262 1420 ju-

309 1435 391 1464 dicio
410 1435 516 1464 divine
536 1434 666 1463 ultionis
681 1435 846 1472 oppressit,
868 1438 899 1463 ut
915 1435 1005 1472 qnasi
1024 1443 1084 1464 non
1103 1435 1263 1464 sustinens

296 1484 479 1517 'Salvatoris
502 1487 652 1525 injuriam
678 1487 873 1516 insensibilis
894 1492 1035 1516 creatura
1056 1487 1197 1517 Creatori
1225 1488 1263 1517 de

311 1541 451 1571 hostium
471 1540 607 1569 vindicta
627 1540 774 1574 serviret,
801 1545 829 1569 et
850 1540 1006 1569 elementa
1030 1546 1116 1569 muta
1131 1549 1262 1578 cognos-

309 1597 416 1622 cerent
432 1601 525 1631 quem
542 1592 696 1622 rationale
707 1592 826 1621 animal
844 1601 907 1622 uon
924 1594 1106 1631 congnovit,
1125 1603 1159 1623 ac
1176 1594 1263 1632 inju-

311 1645 391 1674 riam
408 1645 441 1673 in
464 1654 519 1674 sno
541 1649 716 1683 susceptam
740 1645 858 1674 vicario
881 1645 1023 1675 Salvator
1040 1647 1106 1684 ipse
1128 1647 1265 1676 transire

310 1707 372 1728 uon
399 1698 561 1728 videretur
584 1698 730 1727 inultam.
758 1699 829 1737 Ipse
856 1708 929 1729 vero
955 1709 1101 1729 summus
1125 1700 1263 1738 pontifex

309 1751 428 1780 Urbem
447 1751 625 1788 regreditur
640 1751 746 1789 yemis
765 1753 925 1790 temp0re¹
942 1753 1104 1782 redeunte.

349 1803 398 1834 43.
420 1820 456 1825 —
476 1804 640 1833 Predictus
662 1804 800 1842 denique
822 1805 992 1843 imperator
1018 1806 1132 1835 nobilis
1154 1806 1265 1836 Brixie

309 1857 402 1894 longa
419 1857 584 1886 obsidione
600 1857 780 1892 distractus,
799 1866 894 1895 quam
911 1866 968 1887 nec
988 1858 1076 1888 furor
1091 1859 1264 1890 Tlieotoni-

311 1919 366 1938 cns
380 1918 437 1939 nec
454 1909 556 1947 Apula
572 1910 744 1939 commovit
760 1910 890 1945 astutia,
910 1911 1159 1941 Lonibardorum
1176 1921 1211 1941 ac
1227 1913 1266 1942 de

311 1962 444 1991 diversis
474 1962 657 1999 regionibns
689 1963 896 1992 multitudine
930 1969 1136 2001 congregata,
1170 1961 1266 2003 pace²

310 2023 405 2053 quam
433 2018 518 2052 pater
546 2016 613 2053 ejus
639 2015 719 2054 apud
746 2016 962 2046 Constantiam
988 2026 1060 2046 curn
1088 2018 1266 2048 Mediolano

313 2069 426 2098 fecerat
445 2068 548 2098 oblata
561 2069 572 2088 ³
594 2069 655 2098 sibi
680 2078 734 2107 per
750 2069 887 2107 legatum
907 2070 990 2100 sedis
1010 2071 1179 2109 apostolice
1199 2080 1265 2102 non

311 2125 497 2157 contentus,
530 2122 747 2151 Mediolanum
779 2123 979 2160 aggreditur,
1014 2124 1124 2153 urbem
1157 2124 1266 2163 ntique

312 2174 411 2212 patrie
432 2175 595 2204 dominam
608 2198 615 2210 ‚
635 2175 781 2204 ultricem
804 2175 942 2205 hostium
962 2181 992 2206 et
1011 2177 1165 2206 libertatis
1183 2177 1264 2206 arni-

311 2237 392 2264 cam,
410 2228 449 2257 de
464 2237 527 2266 qua
543 2237 614 2257 cum
632 2228 713 2265 dolo,
733 2238 795 2258 non
812 2230 944 2265 uiribus,
962 2230 1059 2268 captis
1074 2230 1265 2269 quibusdam

313 2289 347 2309 ex
365 2280 431 2318 ipsa
448 2281 572 2311 civibus
590 2281 651 2311 sibi
667 2282 832 2311 victoriam
851 2283 1080 2321 asscripsisset,
1105 2283 1143 2312 ad
1162 2284 1265 2314 Bono-

313 2333 366 2362 nie
393 2333 542 2363 terminos
570 2342 602 2362 se
627 2334 793 2364 convertit.
820 2334 963 2370 Quorum
986 2335 1187 2373 prudentiam
1213 2345 1265 2365 ex-

312 2391 417 2423 pertus
437 2390 467 2415 et
487 2387 584 2421 vires,
611 2395 664 2424 per
687 2386 815 2425 aliquod
836 2392 958 2425 tempus
977 2393 1116 2418 moratus
1132 2388 1266 2426 ibidem,

312 2438 436 2468 modico
457 2443 563 2468 tamen
587 2439 724 2477 dampno
749 2439 820 2469 dato
837 2440 1022 2477 discedens,
1047 2441 1267 2471 Mediolanum

314 2491 485 2520 revertitur
507 2491 540 2520 in
563 2491 652 2528 gravi
669 2491 873 2522 multitudine
888 2493 1088 2523 bellatorum.
1107 2494 1168 2524 Sed
1186 2495 1267 2524 civi-

313 2543 371 2573 bus
390 2544 466 2582 ipsis
480 2544 518 2573 ad
530 2544 698 2574 duodecim
715 2545 856 2575 miliaria
874 2550 959 2575 extra
975 2547 1113 2577 civitatis
1126 2548 1266 2577 meniam

315 2596 349 2625 in
368 2605 464 2625 manu
485 2597 588 2626 valida
606 2598 763 2627 stantibus
779 2607 814 2627 ex
831 2599 980 2637 adverso,
1000 2599 1038 2629 de
1054 2600 1156 2638 ipsius
1172 2600 1267 2639 legati

314 2648 452 2686 presidio
484 2649 622 2679 favorem
648 2650 775 2688 justitie
803 2657 1011 2689 consecutus,
1043 2653 1267 2683 invictoriosus

314 2700 621 2739 abscedenspontem
634 2702 792 2732 Placentie
803 2703 987 2733 obsessurus
995 2705 1124 2740 accedit,
1138 2706 1190 2735 ubi
1200 2710 1268 2735 tan-

315 2753 387 2782 dem
397 2753 540 2783 fluminis
549 2755 718 2798 crescentis
731 2755 850 2786 alluvio
864 2756 1123 2788 Placentinorum
1134 2759 1267 2789 artificio

314 2925 336 2950 l.
350 2924 510 2950 Novembre
528 2925 604 2952 1239.

310 2973 336 2999 2‘.
354 2973 416 3000 Coa.
434 2981 542 3007 pacem.

313 3022 339 3048 3.
355 3022 416 3048 Cod.
433 3022 529 3049 oblita.

1386 427 1548 461 preparata
1570 427 1599 452 et
1621 424 1706 461 ponti
1725 423 1855 452 tutelam
1873 428 1901 452 et
1918 423 2025 461 fugam
2039 424 2163 462 prebuit
2178 424 2322 455 hostibus
2334 448 2346 463 ‚

1386 485 1449 506 non
1483 476 1602 514 absque
1631 477 1745 514 grandi
1775 476 1934 506 exercitus
1965 477 2142 515 imperialis
2172 477 2347 508 incomoda

1386 534 1414 558 et
1442 529 1564 558 excidio
1594 538 1810 567 personarum.
1845 529 1962 567 Sicque
1988 531 2185 568 consumptis
2217 531 2343 569 opibus,

1385 582 1524 611 exaustis
1548 581 1661 611 loculis
1684 587 1713 611 et
1742 590 1806 611 uon
1831 581 1941 619 paucis
1968 582 2165 620 temporibus
2191 592 2227 612 ex
2254 583 2348 613 omni

1386 635 1514 664 natione
1530 634 1670 672 fatigatis
1689 634 1819 670 amicis,
1837 634 2020 672 juramento
2035 635 2118 673 quod
2142 635 2175 664 in
2194 635 2346 666 Lombar-

1385 689 1470 717 diam
1486 688 1602 717 rediret
1613 688 1760 726 sequenti
1778 687 1882 717 madio
1896 696 1959 717 non
1972 692 2104 723 servato,
2120 688 2154 717 in
2169 697 2224 718 sua
2235 688 2347 719 confu-

1385 750 1439 769 sus
1463 741 1610 778 superbia
1629 744 1716 778 terga
1738 740 1864 778 prebuit
1889 740 2047 770 hostibus.
2074 741 2223 770 Tusciam
2251 741 2345 780 quasi

1384 793 1539 831 fugitivus
1556 794 1734 832 ingressus,
1752 798 1781 823 et
1796 793 1835 822 ad
1853 793 2002 822 Pisauam
2019 794 2179 823 civitatem
2197 803 2229 824 se
2244 803 2344 825 cursu

1385 846 1586 876 velocissimo
1612 846 1793 882 conferens,
1820 846 1853 875 in
1881 846 1933 875 die
1962 846 2146 876 Nativitatis
2175 847 2347 877 Dominice

1385 899 1419 927 in
1438 899 1565 928 civitate
1588 899 1656 938 ipsa
1679 904 1744 928 tum
1775 908 1810 929 ex
1838 899 1888 928 sui
1913 899 2071 937 presentia
2098 904 2163 928 tum
2184 909 2219 929 ex
2242 900 2346 930 causis

1385 951 1458 981 aliis
1478 952 1638 990 supposita
1657 952 1844 989 interdicto,
1867 952 1991 982 civibus
2011 952 2049 982 de
2071 956 2158 982 tauta
2179 962 2348 992 presump-

1386 1005 1470 1034 tione
1488 1005 1686 1043 stupentibus
1699 1028 1707 1041 ,
1726 1005 1759 1034 in
1778 1004 1892 1043 majori
1909 1004 2041 1034 ecclesia
2058 1014 2113 1043 per
2131 1013 2203 1035 suos
2218 1009 2344 1043 aposta-

1386 1062 1432 1087 tas
1458 1058 1581 1096 publice
1607 1058 1681 1087 fecit
1708 1057 1867 1096 profanari
1893 1057 2052 1086 divinain
2083 1057 2218 1087 Ecclesie
2239 1066 2346 1088 sacro-

1385 1115 1490 1140 sancte
1521 1111 1697 1140 convitium
1715 1135 1721 1148 ‚
1758 1119 1815 1140 sua
1849 1115 1993 1140 retexens
2023 1110 2149 1149 eloquia
2181 1110 2344 1149 imperiali

1385 1164 1538 1193 modestia
1555 1165 1739 1193 deformata,

1425 1217 1472 1246 44.
1490 1234 1528 1239 -
1545 1218 1626 1247 Cum
1640 1222 1746 1246 autem
1760 1221 1841 1246 esset
1857 1217 1890 1246 iu
1910 1216 2059 1254 Apuliam
2077 1217 2191 1255 paratis
2208 1216 2348 1255 navigiis

1385 1271 1591 1308 profecturus,
1613 1271 1650 1300 de
1674 1270 1870 1300 Florentinis
1893 1270 1948 1299 din
1973 1269 2097 1308 quesita
2119 1270 2265 1300 fidelitate
2289 1270 2349 1300 de-

1385 1333 1527 1362 sperans,
1545 1333 1618 1353 eum
1638 1324 1767 1353 inbellis
1784 1323 1938 1353 Senensis
1957 1322 2090 1361 populus
2107 1323 2244 1353 feminea
2259 1332 2347 1353 com-

1386 1377 1539 1415 positione
1556 1377 1755 1412 mollescens,
1775 1385 1838 1406 non
1854 1377 1952 1405 armis
1972 1376 2025 1405 sed
2044 1376 2187 1405 crinibus
2203 1376 2347 1406 colendis

1384 1430 1538 1466 addictus,
1552 1439 1648 1468 quem
1663 1430 1811 1459 bellicosa
1827 1428 1988 1459 Florentia
2001 1429 2109 1458 hostili
2126 1429 2350 1467 persecutione

1385 1484 1526 1518 vexabat,
1541 1484 1639 1513 multa
1651 1483 1888 1522 supplicationis
1901 1483 2052 1512 instantia
2063 1483 2097 1511 in
2110 1483 2158 1511 sui
2172 1483 2348 1521 presidium

1385 1536 1560 1573 advocavit,
1579 1537 1708 1575 prestito
1725 1537 1787 1566 sibi
1804 1536 1982 1573 vassallagii
1998 1537 2198 1574 ju1·amento;
2219 1535 2347 1566 tandem

1385 1590 1511 1619 Arotini
1538 1599 1600 1620 non
1624 1590 1795 1620 voluntarii
1822 1594 1868 1619 set
1889 1589 2118 1619 Perusinorum
2140 1588 2213 1619 odio
2237 1588 2346 1619 conci-

1387 1645 1440 1673 tati
1459 1644 1562 1682 potius
1579 1648 1779 1682 exceperunt.
1798 1644 1865 1673 Nec
1878 1643 2005 1681 juribus
2023 1646 2190 1672 contentus
2206 1642 2346 1681 imperii,

1384 1696 1524 1726 defectus
1541 1697 1680 1735 proprios
1702 1696 1952 1726 Lonibardorum
1971 1696 2166 1735 oppositione
2186 1699 2350 1734 susceptos

1386 1749 1419 1778 in
1438 1749 1576 1779 Ecclesie
1592 1750 1809 1788 calumpniam
1827 1753 1966 1787 patenter
1984 1748 2163 1784 involvens,
2182 1748 2346 1787 proprium

1385 1802 1489 1832 filium
1506 1802 1713 1840 illegitimum
1732 1802 1853 1831 Ensum
1870 1801 2001 1831 nomine
2013 1801 2045 1830 in
2060 1801 2235 1830 Mai-chiam
2248 1801 2347 1831 desti-

1387 1855 1486 1891 navit,
1498 1855 1681 1886 civitatibus
1696 1859 1724 1885 et
1740 1855 1852 1884 castris
1868 1854 2059 1893 quibusdam
2076 1855 2234 1893 occupatis
2248 1854 2282 1883 in
2295 1863 2344 1889 ea,

1386 1914 1478 1947 prout
1495 1909 1636 1946 regionis
1653 1913 1725 1938 nota
1743 1908 1880 1947 proditio
1898 1907 2069 1942 tribuebat,
2090 1907 2221 1946 reliquis
2240 1907 2273 1937 in
2290 1908 2349 1937 de-

1386 1962 1513 1992 votione
1528 1961 1667 1991 Ecclesie
1683 1960 1907 1991 subventionis
1920 1960 2023 1990 studio
2038 1962 2044 1980 ¹
2064 1960 2260 1998 preservatis.
2274 1960 2348 1998 Ipse

1388 2024 1460 2045 vero
1480 2025 1497 2044 a
1521 2014 1772 2053 Fulginati[bu]s
1792 2014 1944 2043 invitatus
1966 2021 2039 2042 cum
2055 2018 2136 2042 esset
2151 2013 2183 2041 in
2206 2012 2348 2051 partibus

1387 2069 1588 2105 Lombardie,
1604 2068 1773 2106 potentiam
1787 2067 1942 2096 Perusine
1953 2066 2090 2095 civitatis
2102 2066 2236 2102 evitans,
2250 2073 2347 2104 quam

1386 2130 1445 2151 nec
1463 2121 1637 2151 terroribus
1653 2120 1812 2150 inflectere
1825 2119 1926 2158 potuit
1943 2127 1999 2148 nec
2016 2118 2190 2157 promissis,
2205 2117 2278 2148 licet
2293 2126 2351 2156 per

1387 2180 1489 2213 partes
1508 2174 1580 2203 illas
1597 2174 1657 2203 sibi
1676 2172 1933 2212 compendiosius
1952 2172 2012 2201 iter
2027 2176 2127 2206 esset,
2145 2170 2282 2208 longiori
2296 2169 2351 2199 via.

1388 2237 1442 2268 per
1453 2228 1621 2258 Civitatem
1633 2225 1989 2263 Castelli,Engubi11um
2002 2229 2032 2254 et
2048 2224 2262 2260 Nucerinum,
2277 2224 2349 2262 ejus

1388 2282 1533 2320 protinus
1547 2280 1696 2309 mandato
1708 2282 1864 2317 parentes,
1878 2277 2006 2307 devenit.
2019 2277 2217 2314 Fuliginum‚
2233 2275 2351 2315 populo

1388 2334 1505 2363 letante
1535 2337 1708 2371 susceptus.
1736 2332 1879 2367 Quorum
1909 2330 2056 2360 informis
2085 2329 2180 2363 fides.
2212 2329 2352 2359 intentio

1389 2387 1500 2423 fallax,
1519 2387 1646 2425 perjura
1662 2394 1794 2421 manus,
1815 2384 1942 2422 vulgata
1960 2383 2110 2422 proditio,
2128 2383 2255 2421 dirupto
2273 2381 2350 2412 fidei

1389 2440 1494 2470 federe
1514 2439 1598 2478 quod
1622 2438 1754 2469 ecclesie
1772 2438 1916 2468 Romane
1934 2436 2127 2475 juramentis
2144 2436 2352 2465 firmaverant

1389 2493 1528 2527 iteratis,
1557 2492 1695 2522 recidivo
1720 2490 1861 2529 perjurio
1885 2489 2012 2519 Cesaris
2037 2488 2218 2518 dominium
2243 2487 2352 2526 elege-

1388 2550 1479 2582 runt,
1499 2554 1566 2574 rem
1586 2553 1620 2574 ex
1646 2543 1777 2573 nomine
1798 2542 1974 2581 possessuri
1994 2545 2026 2571 nt
2046 2540 2242 2579 Fuliginates
2265 2540 2350 2569 fame

1388 2598 1556 2636 nigredine
1580 2597 1618 2627 de
1637 2596 1776 2634 fuligine
1791 2598 1956 2625 sumerent
1980 2599 2010 2624 et
2032 2593 2107 2623 fidei
2125 2592 2349 2631 corruptelam.

1390 2652 1523 2682 Utinam
1537 2649 1760 2680 misericordes
1772 2657 1887 2678 manus
1904 2647 2012 2677 matris
2030 2646 2167 2676 Ecclesia
2180 2654 2270 2676 casus
2286 2653 2352 2675 non

1389 2704 1528 2734 sentiant
1544 2703 1685 2741 proprios
1701 2703 1735 2732 in
1755 2701 1937 2731 decoctione
1953 2705 2117 2735 natorum,
2139 2698 2256 2737 quibus
2275 2706 2353 2727 cru-

1388 2756 1493 2797 delius
1508 2756 1570 2785 fuit
1585 2764 1712 2794 parcere
1727 2763 1823 2793 quam
1847 2754 1958 2783 sevire.
1976 2753 2065 2782 Tunc
2087 2752 2224 2782 Trevani
2240 2750 2352 2789 Spole-

1389 2813 1538 2839 tanorum
1554 2809 1641 2847 prius
1655 2807 1768 2838 vastati
1783 2806 1934 2845 potentia,
1952 2809 2053 2835 castro
2068 2804 2172 2834 diruto
2191 2807 2220 2833 et
2235 2801 2353 2833 ablatis

1390 2861 1516 2901 spoliis,
1538 2861 1676 2891 Ecclesie
1694 2859 1847 2890 beneficio
1866 2859 1905 2889 ad
1925 2858 2007 2888 lares
2031 2858 2172 2896 proprios
2188 2856 2288 2886 multo
2303 2854 2358 2885 la·

1389 3029 1414 3056 1.
1431 3028 1493 3055 God.
1509 3027 1648 3054 studium.
