2465 3582
259 360 296 389 42
801 358 850 387 LE
875 358 1017 387 LIBER
1040 355 1273 386 CENSUUM
1296 356 1350 385 DE
1374 346 1559 386 1001150
1582 356 1792 387 ROMAINE.

299 435 427 456 suorum
442 433 471 455 et
486 435 562 465 pena
578 426 675 455 unius
689 425 768 454 libre
781 424 856 453 boui
874 425 961 459 31111;
980 433 1041 462 qua
1058 432 1139 462 pena
1154 422 1253 452 soluta

298 479 346 509 vel
364 488 437 515 11011,
455 479 512 508 hec
528 484 611 507 carta
629 478 720 506 firma
737 477 895 515 perduret.
916 477 1023 506 Testes
1043 486 1048 506 :
1070 475 1253 505 Leonardus

298 534 474 572 spadariuS,
496 533 605 561 Petrus
621 531 842 570 cappellarius.

338 588 402 625 Ego
422 587 560 616 Blancus
586 585 795 614 Beneintendi
817 589 1015 614 sacrosancte
1040 585 1182 613 Romane
1204 592 1254 613 ec-

297 641 391 670 clesie
408 639 600 669 scrinearius
623 638 770 676 predictis
793 638 944 667 omnibus
970 637 1119 667 interfui,
1142 637 1253 675 scripsi

297 699 327 723 et
344 693 498 732 publicavi
517 696 656 729 rogatus.

741 805 769 833 8.

336 905 559 935 Innocentius¹
577 905 742 943 episcopus
758 913 868 933 seivus
886 913 1051 933 servorum
1068 903 1126 932 Dei
1140 903 1253 933 dilecto

295 959 362 988 filio
373 958 534 996 Stephano
549 958 652 987 abbati
667 957 962 986 11101135101115311011
978 956 1158 985 Mamiliani
1169 955 1252 994 quod

294 1018 340 1042 est
360 1013 455 1041 situm
476 1012 508 1040 in
525 1011 677 1041 comitatu
696 1010 856 1041 Castrensi
875 1011 1007 1049 ejusque
1019 1009 1252 1039 successoribus

294 1065 484 1103 regulariter
503 1064 734 1094 substituendis
747 1065 992 1102 imperpetuum.
1008 1063 1166 1099 Quoniam
1185 1063 1252 1092 5100

294 1128 367 1148 vere
388 1119 473 1148 cultu
490 1118 654 1156 religionis
671 1127 727 1147 uec
745 1117 887 1146 caritatis
904 1117 1008 1146 unitas
1022 1121 1121 1154 potest
1135 1116 1252 1145 subsis-

295 1177 359 1201 tere
372 1180 429 1201 nec
442 1171 509 1201 Deo
519 1175 643 1208 gratum
654 1180 687 1199 ex
694 1170 797 1200 hiberi
809 1170 938 1199 servitiu
945 1179 986 1206 01,
1000 1169 1250 1207 expeditaposto-

294 1224 355 1254 lice
368 1225 546 1254 auctoritati
564 1224 726 1263 religiosas
743 1232 891 1262 personas
904 1222 1042 1259 deligere
1058 1227 1088 1252 et
1103 1222 1251 1260 religiosa

294 1277 374 1314 loca,
394 1278 532 1307 maxime
548 1286 608 1315 que
628 1276 712 1306 beati
731 1277 817 1306 Petri
830 1277 914 1314 juris
930 1276 1072 1305 existunt
1087 1280 1115 1305 et
1130 1276 1168 1305 ad
1188 1276 1251 1306 tzo-

293 1339 422 1361 manam
447 1330 631 1369 spiritaliter
654 1333 794 1368 spectant
816 1329 998 1366 ecclesiam,
1021 1330 1104 1359 sedis
1126 1334 1250 1368 aposto-

292 1384 354 1414 lice
370 1383 553 1413 munimine
570 1383 747 1412 consovere.
766 1382 913 1421 Ideoque.
931 1382 1043 1412 dilecte
1061 1383 1092 1411 in
1114 1383 1250 1412 Domino

293 1437 339 1466 fili
355 1437 514 1475 Stephane
529 1437 635 1472 abbas,
652 1438 714 1465 tuis
727 1435 973 1466 rationabilibus
984 1435 1250 1473 postulationibus

293 1489 652 1520 clementerannuimus
663 1492 692 1518 et
702 1488 930 1518 monasterium
943 1488 1043 1517 sancti
1058 1487 1250 1524 Mamiliani,

294 1543 377 1582 quod
400 1544 510 1580 utique
535 1542 618 1571 sedis
642 1541 810 1579 apostolice
829 1541 910 1579 juris
934 1541 1055 1574 existit,
1082 1541 1140 1570 sub
1168 1540 1250 1570 beati

295 1597 383 1626 Petri
401 1601 431 1625 et
453 1600 557 1625 nostra
582 1595 676 1624 tutela
694 1594 906 1633 suscipimus,
924 1599 953 1623 et
969 1594 1124 1632 presentis
1145 1594 1252 1632 scripti

294 1649 460 1688 privilegio
476 1648 692 1683 comunimus,
709 1651 883 1676 statuentes
900 1651 934 1676 ut
949 1655 1166 1685 quascumque
1182 1655 1252 1685 pos-

294 1704 461 1737 sessiones,
477 1710 677 1740 quecumque
694 1701 773 1730 bona
786 1700 869 1729 idem
887 1700 1056 1730 cenobium
1074 1700 1107 1728 iu
1126 1708 1252 1738 presen-

294 1756 410 1785 tiarum
426 1756 509 1793 juste
525 1763 560 1784 ac
576 1754 718 1791 legitime
735 1753 871 1792 possidet
889 1758 942 1782 aut
960 1753 992 1782 in
1013 1753 1156 1782 futurum
1174 1762 1250 1783 con-

293 1809 435 1839 cessione
452 1808 638 1846 pontificum
653 1831 658 1843 ,
678 1807 847 1844 largitione
864 1816 974 1844 regum
994 1807 1039 1836 vel
1056 1806 1249 1845 principum,

293 1862 452 1892 oblatione
477 1861 632 1897 fidelium,
659 1869 716 1890 500
738 1860 810 1889 aliis
832 1860 926 1897 justis
951 1860 1054 1889 modis
1076 1859 1251 1889 auxiliante

294 1915 431 1945 Domino
448 1915 561 1952 poterit
579 1913 731 1952 adipisci.
751 1913 843 1942 firma
866 1913 922 1942 tibi
947 1914 1071 1951 tuisque
1090 1921 1251 1942 successo-

293 1968 380 1998 ribus
399 1968 431 1996 in
457 1973 642 2006 perpetuum
662 1972 691 1996 et
707 1967 828 1996 illibata
844 1970 1061 2004 permaneant.
1082 1966 1119 1995 In
1135 1966 1251 2004 quibus

293 2022 351 2051 hec
369 2021 502 2060 propriis
520 2021 669 2050 duximus
685 2020 890 2058 exprimenda
907 2019 1086 2055 vocabulis,
1106 2019 1253 2048 videlicet

293 2078 435 2103 montem
462 2075 626 2109 Aureum,
655 2073 766 2102 cellam
795 2077 902 2102 sancte
930 2072 1027 2102 Lucie
1055 2072 1092 2101 de
1121 2072 1249 2109 Aliano,

295 2127 408 2157 cellam
426 2127 526 2156 sancti
544 2126 711 2156 Pauci-acii
727 2127 817 2155 sitam
836 2125 869 2154 iu
888 2125 955 2155 loco
970 2126 1024 2164 qui
1041 2125 1157 2154 dicitur
1172 2125 1250 2163 Sep-

294 2185 355 2209 tem
372 2181 484 2215 100105,
499 2180 611 2210 0011301
625 2184 731 2209 sancte
746 2179 847 2208 Marie
863 2178 901 2208 de
916 2183 1018 2208 castro
1036 2178 1162 2215 Bulzie3
1180 2186 1252 2208 con-

294 2234 438 2264 cedimus
452 2234 544 2263 etiam
562 2234 649 2263 vobis
664 2237 755 2262 totam
771 2238 885 2262 terram
902 2231 991 2261 illam
1008 2241 1070 2270 que
1086 2236 1132 2261 est
1144 2232 1203 2261 sita
1216 2232 1250 2260 in

298 2290 402 2319 locum
416 2288 470 2326 qui
487 2288 603 2318 dicitur
615 2287 750 2316 Planum
765 2286 802 2315 de
818 2286 902 2315 fonte
916 2285 1001 2320 Saxi,
1016 2293 1111 2322 prope
1123 2293 1251 2314 monas-

295 2344 421 2378 terium,
433 2351 504 2372 eum
517 2340 670 2370 lateribus
682 2344 711 2368 et
723 2339 840 2368 finibus
851 2338 929 2374 suis,
944 2337 1090 2367 videlicet
1101 2347 1118 2366 a
1128 2337 1250 2367 duobus

293 2397 446 2427 lateribus
460 2396 581 2424 flumen
595 2393 730 2423 Armine
741 2392 849 2427 currit,
863 2392 952 2420 tertio
964 2391 1060 2420 latere
1074 2396 1154 2420 terra
1169 2391 1249 2420 Lon-

293 2450 504 2489 gobardorum
521 2447 724 2480 Castellardi,
748 2449 859 2484 quarto
879 2445 977 2474 latere
999 2445 1097 2473 currit
1117 2445 1166 2473 via
1189 2454 1250 2483 que

292 2505 380 2535 venit
390 2504 428 2533 de
441 2501 630 2541 Ripalvella,
645 2509 706 2539 que
718 2499 882 2529 descendit
896 2498 928 2527 in
943 2498 1056 2527 fossato
1070 2498 1107 2527 de
1120 2498 1251 2527 fontana

293 2558 374 2588 Saxa
388 2556 471 2596 quod
482 2555 568 2585 vadit
585 2556 617 2584 in
634 2554 764 2590 flumen,
782 2553 863 2582 sicut
875 2561 893 2581 a
908 2552 991 2581 bone
1007 2551 1161 2581 memorie
1177 2560 1249 2589 pre-

294 2611 456 2640 decessore
473 2613 579 2638 nostro
595 2607 739 2636 Romano
759 2605 907 2644 pontifice
928 2603 1079 2641 Gregorio
1096 2612 1173 2642 papa
1190 2604 1249 2634 VlI

294 2664 397 2693 eidem
424 2660 614 2691 monasterio
640 2658 753 2688 collata
779 2658 877 2687 fuisse
903 2657 1089 2686 dinoscitur.
1119 2657 1249 2686 Terram

295 2724 420 2755 quoque
433 2713 588 2744 Ascesilvi
602 2721 675 2741 01101
689 2711 754 2741 5015
768 2710 970 2749 pertinentiis
981 2714 1011 2738 et
1027 2709 1156 2744 finibus,
1172 2719 1250 2748 quos

294 2768 449 2798 terminos
469 2767 585 2795 habere
600 2765 732 2801 dicitur,
751 2763 854 2793 silicet
874 2772 891 2792 a
909 2762 988 2792 vado
1008 2762 1179 2792 Samaricis
1195 2771 1250 2801 per

291 2941 316 2966 ⁴1.
334 2939 448 2969 Lati-an,
472 2938 498 2963 11
518 2936 581 2970 juin
609 2935 734 2961 11411.-
757 2933 895 2959 quoceut
911 2933 937 2959 II
955 2933 1041 2965 prend
1058 2941 1128 2958 sous
1144 2933 1167 2959 la
1185 2941 1251 2968 pro-

255 2989 359 3016 tection
382 2988 419 3013 du
443 2985 626 3018 Saint-Siege
648 2983 773 3017 l'abbaye
796 2982 830 3008 de
849 2981 1105 3012 Saint-Mamitien,
1129 2990 1164 3008 au
1187 2982 1250 3008 dio-

255 3040 320 3065 cese
335 3037 369 3063 de
385 3036 494 3062 Casti-o.
511 3033 552 3060 Cf.
570 3037 591 3060 t.
608 3033 631 3065 l,
647 3041 674 3066 p.
691 3031 734 3058 57.

1377 423 1458 451 viam
1476 423 1514 452 ad
1535 423 1686 453 fossatum
1713 423 1851 460 Recalli,
1868 423 1985 453 deinde
2005 433 2060 462 per
2082 424 2165 454 viam
2189 425 2339 455 similiter

1375 475 1413 504 ad
1431 476 1546 505 vadum
1569 476 1690 506 Nucele
1712 481 1741 506 et
1763 477 1838 506 inde
1859 478 1994 507 vertitur
2015 477 2047 507 in
2068 478 2219 508 fossatum
2238 478 2337 509 Male-

1376 528 1459 558 volte
1475 535 1504 558 et
1518 530 1605 558 veuit
1623 530 1655 558 in
1673 529 1916 565 Ascablancam,
1933 530 2048 560 deinde
2064 530 2201 561 volvitur
2215 532 2249 560 in
2265 540 2336 561 031-

1376 582 1460 611 13113
1480 583 1611 621 antiqua
1637 587 1666 612 et
1687 583 1801 612 exinde
1828 583 1992 612 reducitur
2013 583 2051 612 ad
2075 588 2205 613 stratam
2232 588 2261 614 et
2283 593 2338 623 per

1376 635 1508 664 candem
1528 639 1658 664 stratam
1677 636 1758 665 redit
1774 636 1811 665 ad
1829 636 1995 666 Petrosum
2019 637 2137 666 vadum
2154 641 2183 666 et
2199 646 2253 675 per
2271 637 2335 667 sos-

1376 691 1478 716 satum
1507 688 1636 718 Tafouis
1664 688 1827 718 descendit
1853 689 1891 718 ad
1919 690 2072 726 Forcum3
2102 694 2130 718 et
2157 699 2257 719 unum
2281 698 2337 728 pe-

1376 740 1454 769 tium
1474 745 1554 770 terre
1571 741 1608 770 de
1627 741 1738 770 subtus
1761 741 1844 770 viam
1864 742 1944 771 sicut
1963 742 2043 771 redit
2057 742 2097 771 ad
2122 741 2261 772 limitem
2277 741 2334 781 qui

1375 794 1435 823 5011
1456 794 1507 822 via
1527 799 1573 823 est
1595 800 1625 823 et
1650 794 1751 824 tendit
1770 795 1810 824 ad
1831 795 1914 824 viam
1938 804 1999 834 que
2023 795 2111 825 venit
2130 796 2284 825 Metatum
2306 800 2338 825 et

1375 846 1491 875 exinde
1514 846 1602 876 venit
1627 847 1664 876 ad
1692 847 1900 877 Samaricem.
1928 847 2074 877 Obeunte
2099 856 2172 878 vero
2198 852 2225 878 te
2251 856 2337 879 nunc

1375 899 1517 937 ejusdem
1547 899 1606 929 1001
1639 899 1752 929 abbate
1780 899 1828 929 vel
1858 905 1983 930 tuorum
2011 900 2152 939 quolibet
2178 909 2336 931 successo-

1374 961 1465 989 rum,
1495 953 1604 982 nullus
1627 953 1707 983 inibi
1733 953 1874 991 qualibet
1899 953 2115 992 subreptionis
2139 953 2255 983 astutia
2280 962 2337 982 500

1374 1005 1526 1035 violentia
1551 1011 1746 1044 proponatur
1768 1006 1831 1035 11151
1854 1015 1949 1045 quem
1972 1006 2084 1036 fratres
2108 1006 2251 1044 ejusdem
2274 1005 2337 1036 loci

1373 1060 1502 1089 comuni
1530 1068 1662 1089 assensu
1695 1059 1742 1089 vel
1772 1059 1905 1088 fratrum
1940 1068 2011 1097 pars
2043 1059 2180 1089 sanioris
2209 1059 2337 1089 consilii

1373 1112 1550 1142 secundum
1566 1113 1624 1142 Dei
1643 1112 1788 1141 timorem
1806 1117 1836 1142 et
1851 1112 1933 1141 beati
1947 1112 2109 1142 Benedicti
2127 1112 2271 1150 regulam
2287 1121 2336 1142 10-

1373 1165 1526 1204 gulariter
1544 1165 1741 1204 previderint
1762 1165 1961 1203 eligendum.
1983 1166 2196 1195 Decernimus
2213 1174 2287 1204 ergo
2304 1171 2338 1196 ut

1373 1219 1456 1248 nulli
1473 1219 1608 1248 omniuo
1626 1219 1796 1248 hominum
1818 1219 1910 1248 liceat
1928 1219 2084 1257 prefatum
2105 1220 2336 1249 monasterium

1375 1276 1494 1301 temere
1518 1272 1703 1310 perturbare
1728 1277 1784 1302 ant
1809 1273 1876 1310 ejus
1899 1273 2112 1310 possessiones
2138 1273 2264 1302 auferre
2288 1272 2337 1303 vel

1372 1325 1493 1354 ablatas
1511 1324 1664 1362 retinere,
1688 1326 1834 1354 minuere
1856 1334 1910 1354 5011
1931 1325 2094 1364 aliquibus
2117 1325 2337 1355 vexationibus

1372 1378 1536 1414 infestare,
1554 1378 1607 1407 sed
1629 1378 1738 1408 omnia
1761 1378 1886 1416 integra
1907 1382 2136 1408 conserventur
2152 1387 2262 1409 eorum
2282 1387 2338 1417 pro

1372 1440 1509 1469 quorum
1529 1431 1762 1468 gubernatione
1787 1435 1817 1460 et
1837 1431 2068 1461 sustentatione
2092 1440 2241 1462 concessa
2263 1436 2339 1463 sunt

1374 1484 1483 1513 usibus
1499 1483 1651 1513 omnibus
1669 1483 1771 1513 modis
1788 1483 1965 1522 profutura.
1985 1483 2098 1522 Siqua
2119 1485 2217 1522 Igitur
2235 1484 2336 1515 eccle-

1374 1537 1500 1566 siastica
1516 1535 1708 1566 secularisve
1726 1545 1859 1574 persona
1878 1536 1961 1566 hanc
1979 1541 2085 1566 nostre
2101 1537 2337 1567 constitutionis

1374 1590 1524 1629 paginam
1541 1590 1645 1619 sciens
1656 1594 1765 1619 contra
1779 1598 1848 1619 eam
1865 1594 1982 1619 temere
1997 1589 2108 1619 venire
2124 1591 2335 1629 temptaverit,

1374 1643 1514 1673 secundo
1533 1643 1662 1672 tertiove
1678 1642 1872 1672 commonita
1888 1642 1915 1671 si
1938 1651 2002 1672 non
2023 1643 2238 1673 satisfactione
2259 1652 2336 1674 con-

1373 1705 1453 1734 grua
1469 1696 1698 1731 emendaverit,
1716 1704 1867 1734 reamque
1886 1704 1918 1725 se
1935 1695 2047 1725 divino
2064 1696 2182 1734 judicio
2202 1697 2337 1727 existere

1373 1749 1413 1779 de
1436 1753 1612 1787 perpetrata
1637 1748 1808 1787 iniquitate
1830 1752 1998 1786 cognoscat
2021 1752 2051 1778 et
2077 1757 2095 1778 a
2121 1749 2336 1780 sacratissimo

1373 1811 1502 1842 corpore
1518 1808 1548 1832 et
1562 1802 1720 1840 sanguine
1742 1801 1799 1831 Dei
1815 1805 1845 1831 et
1865 1801 1990 1831 domini
2007 1801 2216 1841 redemptoris
2234 1801 2337 1832 nostri

1372 1856 1449 1886 Jesu
1475 1855 1595 1886 Christi
1623 1854 1729 1884 aliena
1758 1855 1812 1883 fiat
1839 1858 1933 1893 atque
1963 1856 1996 1884 in
2020 1858 2159 1884 extremo
2187 1855 2335 1885 examine

1373 1909 1484 1938 divine
1497 1908 1614 1938 ultioni
1629 1908 1799 1946 subjaceat.
1815 1907 1945 1937 Cunctis
1958 1912 2063 1937 autem
2076 1908 2179 1938 eidem
2196 1908 2263 1938 loco
2279 1917 2337 1938 sua

1370 1963 1444 2001 J'ura
1469 1961 1671 1991 servantibus
1694 1960 1734 1990 sit
1760 1969 1816 1999 pax
1837 1959 1964 1990 domini
1990 1960 2089 1989 nostri
2109 1960 2188 1990 ι1050
2216 1960 2336 1990 Christi

1373 2019 1531 2054 quatenus
1554 2019 1584 2044 et
1608 2015 1661 2044 hic
1683 2015 1820 2044 fructum
1846 2013 1928 2044 bone
1951 2014 2086 2044 30110015
2108 2013 2284 2052 percipiant
2307 2017 2337 2043 et

1373 2070 1455 2108 apud
1467 2069 1646 2098 districtum
1656 2068 1795 2107 judicem
1805 2067 1928 2106 premia
1937 2071 2045 2097 eterne
2057 2067 2142 2105 pacis
2153 2067 2334 2097 inveniant.

1373 2124 1491 2152 Amen.

1415 2176 1533 2204 Datum
1572 2174 1719 2204 Laterani
1763 2182 1815 2212 per
1856 2181 1989 2203 manum
2025 2171 2181 2202 Almerici
2225 2176 2334 2202 sancte

1374 2229 1520 2258 Romane
1548 2227 1679 2257 ecclesie
1708 2227 1834 2257 diaconi
1863 2226 2036 2256 cardinalis
2068 2230 2097 2256 et
2131 2225 2335 2263 cancellarii,

1375 2282 1435 2311 111ο
1451 2282 1524 2311 idus
1538 2281 1638 2320 junii,
1656 2280 1833 2310 indictione
1852 2280 1960 2315 tertia,
1978 2279 2209 2309 incarnationis
2230 2278 2335 2308 domi-

1374 2336 1446 2365 nice
1467 2343 1553 2364 anno
1576 2333 1743 2369 M0C⁰XL⁰,
1767 2333 1970 2371 pontificatus
1993 2340 2068 2362 vero
2091 2331 2216 2361 domini
2232 2331 2334 2361 Inno-

1373 2389 1469 2418 centii
1486 2396 1564 2426 pape
1579 2386 1713 2417 secundi
1731 2394 1816 2416 anuo
1833 2385 1904 2415 X10.

1818 2499 1847 2528 9.

1413 2601 1516 2637 Quia¹
1532 2600 1697 2630 dicebatur
1712 2598 1909 2629 cousuetudo
1922 2597 2022 2627 fuisse
2038 2597 2183 2627 Romane
2201 2595 2334 2626 ecclesie

1373 2655 1412 2684 ab
1427 2653 1593 2692 aliquibus
1606 2657 1689 2683 retro
1705 2651 1901 2691 temporibus
1915 2651 2082 2681 observata
2099 2649 2182 2688 quod
2198 2648 2334 2679 ribaldis

1373 2707 1408 2736 in
1438 2707 1490 2736 die
1515 2705 1722 2745 carnisprivii
1747 2705 1832 2735 circa
1855 2712 2003 2743 vesperos
2028 2703 2064 2732 in
2090 2702 2184 2732 domo
2208 2700 2333 2732 domini

1373 2769 1451 2799 pape
1479 2759 1613 2789 dabatur
1644 2757 1839 2795 elemosina,
1874 2755 1997 2787 scilicet
2023 2755 2157 2786 cuilibet
2188 2754 2333 2784 medium

1370 2933 1393 2959 1.
1420 2932 1495 2959 1273.
1520 2946 1556 2953 —
1579 2931 1653 2958 Note
1678 2940 1729 2958 sur
1752 2938 1808 2957 une
1830 2929 1954 2956 reforme
1977 2928 2117 2964 prescrite
2138 2936 2188 2963 par
2211 2927 2237 2954 le
2260 2935 2333 2962 pape

1333 2981 1470 3015 Gregoire
1488 2980 1515 3006 X
1531 2982 1546 3007 a
1561 2988 1666 3015 propos
1683 2980 1767 3006 d’une
1786 2979 1910 3005 cei-taine
1925 2978 2049 3005 amnone
2067 2976 2132 3003 faite
2146 2984 2203 3002 aux
2214 2975 2333 3002 ribauds

1332 3030 1366 3056 de
1384 3029 1475 3056 Rome
1491 3030 1507 3055 a
1522 3029 1547 3055 13
1561 3029 1598 3055 fin
1614 3029 1652 3055 du
1668 3027 1810 3055 carnaval.
