2402 3592
203 371 243 401 30

249 441 376 467 mortuo
389 445 474 467 mors
487 437 555 475 ipsa
569 436 690 466 funeris
703 438 871 473 denegaret
884 436 1073 474 impensas¹.
1088 435 1203 465 Archi-

246 490 431 529 episcopum
450 489 660 519 Tarentinum
680 493 709 518 et
725 488 1003 527 Cephaludensem
1021 489 1202 527 episcopum

243 544 301 573 illa
319 543 380 572 sibi
396 543 612 572 familiaritate
629 543 823 579 conjunctos,
844 547 876 571 ut
893 542 976 571 idem
995 543 1123 581 sciphus
1140 542 1203 571 fere

249 596 303 635 [et]
321 605 435 625 manus
456 595 563 624 eadem
585 595 788 624 conmuniter
803 595 955 624 alimenta
972 595 1124 633 preberet.
1146 603 1203 624 nec

247 653 329 679 esset
347 649 375 678 ei
395 652 498 686 preter
516 648 657 686 ipsorum
681 648 826 678 notitiam
852 647 1012 686 singulare
1033 653 1200 684 secretum,

248 701 432 731 ministerio
454 701 589 738 privavit
613 706 642 730 et
665 701 781 738 gratia,
805 706 835 730 et
856 701 1068 739 hominitbu]s
1091 709 1201 729 eorum

248 754 331 784 datis
352 754 385 783 in
403 754 529 792 predam
552 757 637 783 extra
655 754 745 791 regni
765 753 882 782 limites
899 754 1011 792 iniqua
1029 753 1202 782 temeritate

249 808 446 847 proscripsit.
480 807 648 836 Alitanum
680 807 862 846 episcopum
893 817 910 836 a
946 808 1054 845 patriis
1080 807 1202 836 laribus

248 861 375 891 exulem
388 884 394 895 ,
412 860 576 899 captivatis
597 860 760 895 fratribus,
778 860 972 889 miserabilis
993 861 1054 889 vite
1073 869 1200 889 cursum

248 914 338 945 exilii
366 914 519 952 compulit
546 918 725 952 paupertate
753 914 856 943 finire.
886 913 1088 943 Calinensem
1119 913 1200 951 epis-

244 976 360 1006 copum
391 976 409 996 a
438 975 535 1004 regno
568 966 724 1005 dejectum
754 966 867 1004 grandi
899 966 1053 1005 oppressit
1082 966 1199 1004 inopia,

245 1021 342 1050 fratre
371 1020 474 1058 ipsius
503 1019 615 1058 laqueo
645 1019 864 1057 suspensionis
894 1019 1028 1049 addicto.
1061 1019 1201 1048 Soranus

248 1074 413 1112 episcopus
425 1081 483 1101 nec
494 1073 595 1111 ipsius
610 1073 723 1102 suroris
737 1081 798 1102 non
814 1081 921 1110 expers
934 1080 1065 1110 querere
1079 1071 1202 1109 cogitur

248 1128 369 1157 limites
383 1127 515 1155 alienos
532 1126 702 1155 Nana11is2
715 1125 851 1163 episcopi
863 1125 974 1154 mortis
985 1124 1201 1153 amaritudine

245 1181 280 1210 in
299 1180 387 1210 exilii
403 1183 585 1218 paupertate
603 1179 760 1207 biberunt.
781 1178 921 1207 Minores
939 1178 1048 1206 tratres
1064 1185 1200 1215 quorum

244 1235 343 1263 vitam
366 1233 432 1271 ipsa
454 1240 649 1270 paganorum
671 1231 790 1260 duritia
811 1234 989 1265 veneratur,
1010 1230 1060 1259 liic
1079 1239 1200 1267 pagano

249 1287 362 1316 durior
380 1286 581 1315 flammarum
602 1284 761 1313 atrocitate
784 1283 979 1322 dampnavit.
1004 1283 1199 1312 Militensem

250 1341 409 1369 decanum
442 1339 475 1367 in
509 1338 605 1367 maris
636 1337 745 1366 tinctus
775 1336 838 1366 levi
868 1337 1041 1374 suspitione
1075 1337 1200 1365 demer-

250 1394 305 1423 sit.
326 1392 573 1431 Neapolitanum
593 1390 870 1426 archidiaconum,
888 1390 1200 1428 archipresbyterum

252 1446 401 1476 Montorii
415 1450 444 1475 et
460 1444 665 1474 Thomasium
682 1447 840 1473 cantorem
855 1444 1091 1472 Messanensem
1106 1443 1200 1480 longa

250 1500 463 1529 maceratione
480 1498 612 1527 carceris
629 1497 800 1525 interemit.
823 1496 1009 1533 Magistrum
1031 1496 1199 1525 Nicolaum

251 1552 483 1582 subdiaconum
497 1551 733 1579 Messanensem
746 1549 831 1586 ignis
844 1549 1012 1578 acerbitate
1025 1549 1197 1578 conbussit.

252 1605 441 1643 Magistrum
458 1603 632 1633 Berardum
650 1602 773 1632 domini
787 1611 864 1640 pape
879 1603 1039 1631 notarium
1054 1608 1083 1631 et
1098 1602 1198 1632 Saler-

247 1659 398 1688 nitanum
424 1657 684 1686 archidiaconum
709 1660 738 1684 et
760 1654 840 1685 alios
859 1655 1047 1685 innumeros
1070 1656 1200 1685 clericos

250 1712 364 1743 ablatis
380 1710 489 1749 spoliis
506 1710 600 1739 exilio
615 1708 788 1747 deputavit.
804 1708 842 1737 Et
857 1709 902 1738 sic
918 1708 1028 1738 multis
1041 1709 1200 1738 ministris

249 1765 389 1796 Ecclesie
413 1770 478 1793 tum
502 1763 598 1793 exilio
623 1767 689 1792 tum
712 1766 811 1792 morte
834 1762 1031 1800 dampnatis,
1051 1772 1107 1791 nec
1127 1772 1198 1791 san-

245 1820 345 1857 guine
362 1818 493 1847 satiatus
507 1817 651 1852 innoxio,
668 1816 862 1854 propinquos
881 1816 1022 1854 ipsorum
1040 1826 1119 1854 pene
1136 1825 1199 1846 non

250 1871 414 1910 relinquid
440 1875 577 1900 extorres
601 1869 703 1908 ipsius
730 1869 784 1907 qui
810 1872 839 1898 et·
862 1869 1029 1906 sanguinis
1056 1874 1085 1898 et
1108 1868 1200 1907 spolii

242 1924 435 1955 insatiabilis
450 1924 618 1962 appetitus.

282 1978 330 2008 31.
347 1995 385 2000 -
402 1977 516 2006 Nobile
531 1977 757 2005 monasterium
771 1975 957 2011 Casinense,
969 1975 1051 2014 quod
1069 1976 1199 2005 ecclesie

248 2032 392 2062 Romane
408 2030 495 2059 nullo
515 2029 675 2058 mediante
693 2028 870 2066 subiectum
890 2032 918 2057 et
941 2029 1041 2066 ipsius
1057 2029 1199 2058 fundatio

245 2090 275 2115 et
290 2084 459 2123 apostolice
479 2083 562 2111 sedis
578 2081 715 2112 ostendit
730 2081 890 2117 archivus,
908 2083 999 2119 cujus
1013 2082 1106 2110 etiam
1125 2086 1199 2111 sunt

243 2138 368 2169 edificia
381 2146 435 2175 per
451 2136 609 2165 Victorem
623 2134 791 2173 apostolice
803 2135 887 2164 sedis
900 2135 1080 2173 pontificem
1094 2135 1198 2173 operis

239 2191 351 2221 decore
370 2194 558 2223 constructa,
573 2189 606 2217 in
622 2196 685 2226 quo
701 2187 882 2217 venerabile
893 2196 1006 2226 corpus
1022 2188 1198 2218 beatissimi

242 2243 410 2274 Benedicti
430 2242 580 2280 quiescit,
602 2241 637 2270 in
660 2240 754 2270 illum
776 2249 884 2270 casum
907 2241 1118 2278 ignobilitatis
1139 2242 1196 2271 ad-

241 2297 341 2333 duxit,
362 2300 395 2325 ut
412 2296 534 2331 castris,
555 2293 696 2324 vassallis
712 2298 742 2323 et
759 2293 1010 2332 possessionibus
1025 2294 1196 2333 spoliatum

242 2359 299 2380 con
307 2355 351 2379 tra
363 2349 515 2378 munifica
527 2347 610 2377 sedis
621 2346 791 2385 apostolice
802 2346 969 2386 privilegia
981 2352 1011 2377 et
1021 2347 1195 2378 multorum

246 2403 473 2442 imperatorum
501 2400 642 2437 indulta,
669 2400 826 2438 singulari
856 2401 1069 2438 preminentia
1098 2401 1196 2431 liber—

243 2460 317 2492 tate,
340 2455 453 2485 ditioni
478 2464 534 2484 sue
559 2453 660 2483 taliter
681 2453 849 2483 vendicare
869 2462 1067 2492 presumens,
1090 2455 1194 2493 ipsum

244 2510 328 2539 inter
343 2507 536 2538 monasteria
556 2510 657 2536 cetera
673 2506 829 2544 dignitate
845 2515 881 2535 ac
903 2506 1077 2536 emunitate
1095 2507 1196 2537 subli-

242 2564 345 2598 mius,
364 2561 544 2592 venerando
566 2560 795 2590 monachorum
819 2559 950 2598 depulso
971 2560 1102 2598 collegio
1126 2571 1196 2600 pre-

243 2616 364 2645 donum
378 2615 533 2652 contagiis
546 2613 717 2653 deputavit.
734 2613 796 2643 Per
812 2613 896 2651 quod
912 2612 984 2642 felix
1001 2612 1054 2642 illa
1070 2614 1193 2652 religio,

236 2677 333 2707 quam
351 2667 477 2705 legione
496 2666 627 2705 depulsa
643 2667 816 2696 demonum
837 2666 947 2696 beatus
966 2670 1053 2705 pater
1073 2666 1195 2697 ibidem

235 2720 385 2754 instituit,
404 2721 437 2749 in
454 2720 576 2749 ordinis
590 2719 817 2750 contumeliam
833 2719 971 2757 relegata
988 2719 1020 2748 in
1037 2719 1195 2750 seculares

236 2772 356 2802 abusus
367 2778 528 2802 comutare
541 2774 662 2810 cogitur
675 2772 892 2802 observantias
903 2772 1077 2810 regulares.
1087 2774 1194 2803 Aurea

233 2937 259 2964 1.
274 2937 336 2964 cod.
357 2937 506 2971 impensis.

229 2986 257 3013 2.
278 2985 358 3012 Cette
382 2986 483 3019 phrase
504 2989 548 3011 est
576 2986 783 3020 inintelligible.
807 2985 829 3012 Il
855 2994 977 3020 manque
1003 2986 1195 3014 evidemnient

191 3034 318 3069 quelque
332 3033 429 3060 chose.

750 370 798 399 LE
823 370 965 399 LIBER
988 369 1221 400 CENSUUM
1244 369 1298 398 DE
1324 359 1507 398 L‘liGLISE
1531 369 1740 399 ROMAINE.

1326 444 1400 464 vero
1421 439 1451 464 et
1469 441 1620 473 argentea
1638 445 1711 465 vasa
1730 435 1790 465 loci
1811 436 1954 474 ejusdem
1975 436 2154 466 ministerio
2175 436 2285 466 altaris

1325 487 1465 524 addicta,
1485 488 1518 517 in
1538 497 1612 517 vasa
1630 489 1750 518 ventris
1765 488 1903 518 officium
1924 489 2148 527 procurantia¹
2168 490 2284 519 conssa-

1325 540 1387 576 vit,
1412 549 1508 569 manu
1526 540 1678 578 sacrilega
1695 550 1782 570 sacra
1798 541 1990 571 vestimenta
2007 542 2166 580 predatus.
2188 542 2284 580 Ejus-

1325 592 1396 621 dem
1416 601 1542 631 quoque
1562 593 1702 623 Sathane
1722 593 1873 624 satellites
1891 598 1921 623 et
1940 594 2093 632 principis
2113 594 2284 624 execrandi

1326 646 1483 681 ministri,
1513 650 1597 676 tante
1625 647 1818 676 verecundie
1846 646 1999 686 templum
2028 648 2285 686 inquinamentis

1325 698 1422 728 variis
1440 699 1684 737 prophanantes,
1695 708 1750 738 pro
1761 699 1862 729 solitis
1873 700 2066 730 aromatibus
2077 701 2283 730 incensorum

1324 751 1443 780 ibidem
1465 752 1602 781 offerunt
1624 753 1721 782 fetida
1744 752 1902 783 lenocinia
1924 753 2113 789 mulierum,
2138 758 2283 783 sanctum

1326 805 1384 834 Dei
1398 807 1410 825 2
1428 805 1656 843 prostribnlum
1674 810 1865 841 statuentes,
1887 807 2060 836 matutinos
2076 810 2105 836 et
2123 806 2233 836 laudes
2248 806 2283 836 in

1324 859 1473 897 preconia
1495 858 1635 895 Cesaris,
1659 864 1688 889 et
1708 869 1866 898 ympnum
1887 860 2069 898 angelicum
2089 861 2120 889 in
2141 854 2285 890 lasciva⁸

1324 912 1448 941 cantica
1459 912 1694 942 commutando.
1708 913 1850 949 Quorum
1865 922 1948 942 unus
1962 913 2103 943 excubiis
2115 921 2283 943 murorum

1326 965 1490 998 insistens,
1504 965 1617 1003 spiritu
1630 966 1775 1004 nequiori
1787 971 1960 1004 correptus,
1974 966 2166 996 monachum
2179 974 2283 1004 quen-

1326 1019 1397 1047 dam
1422 1018 1542 1047 ibidem
1569 1018 1659 1056 quasi
1682 1027 1844 1048 racemum
1878 1024 1945 1057 post
1971 1019 2166 1048 vindemiam
2190 1019 2281 1048 dere-

1324 1071 1451 1106 lictum,
1472 1071 1531 1100 sub
1553 1071 1654 1109 ipsius
1671 1072 1808 1101 custodis
1831 1072 1988 1101 ambitum
2014 1072 2187 1110 inprevisis
2210 1080 2284 1110 pas-

1325 1124 1412 1153 sibus
1436 1124 1637 1153 incedentem
1667 1124 1760 1154 urine
1783 1124 1937 1163 profluvio
1959 1124 2107 1162 inpudice
2131 1124 2282 1163 perfudit.

1323 1177 1387 1213 Qui
1413 1178 1517 1207 statim
1542 1182 1609 1216 post
1633 1178 1781 1208 monachi
1805 1178 1954 1207 lacrimas
1972 1183 2002 1208 et
2025 1178 2187 1207 Benedicti
2213 1187 2284 1216 pre-

1324 1231 1442 1260 sidium
1460 1231 1677 1269 imploratnm,
1693 1230 1748 1260 ille
1764 1235 1812 1260 tan
1820 1236 1848 1260 to
1863 1239 1992 1270 corpore
2008 1231 2094 1269 gravi
2111 1231 2197 1269 lepra
2215 1240 2283 1269 per-

1323 1284 1452 1320 cutitur,
1471 1289 1503 1313 ut
1519 1284 1658 1322 corporis
1674 1283 1868 1314 miserabilis
1884 1284 2026 1320 menbra,
2044 1284 2137 1314 velud
2155 1283 2285 1314 elimato

1323 1346 1472 1375 percussa
1501 1337 1620 1374 gladio,
1657 1337 1854 1375 profundatis
1888 1337 2047 1366 ulceribus
2074 1337 2284 1366 concidantur

1323 1390 1357 1419 in
1386 1390 1524 1426 frusta⁴3
1553 1390 1597 1419 sic
1620 1390 1703 1428 quod
1725 1390 1777 1419 vix
1803 1389 1973 1420 multorum
1998 1390 2146 1420 vehiculo
2165 1390 2283 1428 apponi

1324 1443 1423 1483 potuit
1455 1443 1614 1473 consortio
1649 1443 1858 1481 leprosorum.
1889 1443 2152 1474 1iurisdictionem
2185 1443 2282 1473 etiam

1323 1505 1418 1534 qnam
1442 1496 1527 1525 idem
1553 1496 1586 1524 in
1611 1495 1726 1525 Sancto
1747 1495 1923 1531 Germano,
1948 1496 2013 1526 loco
2037 1497 2147 1534 utique
2169 1495 2283 1535 populo

1323 1554 1352 1578 et
1380 1549 1479 1578 multa
1500 1549 1689 1578 comoditate
1709 1549 1831 1585 dotato,
1860 1549 1953 1587 longa
1981 1549 2150 1578 traditione
2176 1557 2282 1587 posse-

1322 1602 1429 1638 derat3
1449 1607 1586 1632 castrum
1606 1601 1702 1631 etiam
1719 1602 1820 1637 Atini,
1843 1602 1977 1631 Roccam
1998 1602 2124 1638 Bantre,
2147 1602 2282 1632 Roccaui

1322 1655 1502 1690 Guilielmi,
1521 1656 1554 1684 in
1572 1655 1639 1693 ejus
1655 1655 1812 1690 continio3
1833 1655 1864 1683 in
1883 1654 2028 1684 Calabria
2044 1659 2182 1685 castrum
2202 1655 2282 1684 Mal-

1321 1708 1384 1738 veti
1403 1712 1432 1737 et
1452 1709 1666 1747 possessiones
1689 1716 1752 1737 non
1774 1707 1917 1737 modicas
1938 1716 1996 1737 suo
2018 1707 2161 1737 dominio
2180 1708 2213 1736 in
2231 1716 2282 1737 ec·-

1322 1761 1418 1791 clesie
1430 1762 1573 1791 Romane
1586 1761 1741 1799 injuriam
1755 1765 1783 1790 et
1794 1761 1877 1790 beati
1894 1761 2056 1791 Benedicti
2071 1761 2281 1800 prejudicium

1322 1814 1501 1853 applicavit.

1363 1867 1411 1896 3⁶2.
1427 1884 1464 1888 —
1482 1867 1674 1896 Monastcrio
1689 1867 1802 1896 Turris
1815 1866 1945 1905 majoris
1960 1866 2090 1896 abstulit
2103 1871 2240 1896 castrum
2254 1871 2285 1896 et

1322 1920 1445 1955 villam,
1460 1920 1590 1949 ecclesie
1611 1920 1768 1949 Melfiensi
1780 1919 1901 1954 villam,
1915 1920 2051 1957 Trojane
2064 1919 2167 1949 casale
2181 1920 2283 1949 sancti

1324 1973 1503 2009 Laurentii,
1538 1975 1702 2002 Aversane
1733 1973 1796 2003 duo
1827 1978 1944 2009 castra,
1982 1973 2183 2003 Salernitane
2212 1982 2281 2003 cas-

1322 2031 1405 2056 trum
1424 2026 1551 2056 Olibani
1563 2049 1570 2062 ,
1587 2026 1760 2056 Tarentine
1781 2026 1896 2055 casalia
1913 2026 1987 2062 tria,
2005 2026 2281 2065 Caputaquensi...

1322 2080 1560 2110 Pollicastrensi
1588 2085 1744 2116 castrum,
1775 2080 1968 2110 monasterio
2001 2084 2109 2109 sancte
2137 2080 2283 2110 Eufemie

1320 2139 1459 2165 castrum
1487 2139 1516 2163 et
1544 2133 1671 2169 villam,
1704 2133 1861 2163 Militensi
1885 2139 2040 2170 castrum,
2070 2134 2192 2172 Regine
2216 2143 2283 2163 cas-

1322 2192 1425 2223 trum,
1464 2187 1666 2226 Syracusane
1704 2186 1821 2216 casalia
1856 2191 2009 2225 quatuor,
2045 2186 2282 2225 Cephaludensi

1320 2242 1480 2271 civitatem
1500 2246 1529 2270 et
1544 2246 1695 2277 castrum,
1713 2240 1923 2270 Cathaniensi
1939 2244 2040 2270 castra
2058 2240 2120 2270 duo
2136 2241 2283 2279 nequiter

1318 2294 1463 2331 abstulit,
1488 2303 1545 2324 suo
1569 2294 1711 2324 dominio
1731 2294 1895 2333 applicatis
1917 2293 2055 2329 eisdem,
2079 2302 2115 2323 ac
2135 2293 2283 2324 homines

1318 2348 1456 2378 civitatis
1474 2347 1586 2386 ipsius,
1604 2347 1660 2385 qui
1679 2351 1802 2376 tantum
1818 2345 2026 2376 Cathaniensi
2043 2346 2175 2376 ecclesie
2192 2349 2282 2376 tene-

1318 2402 1446 2438 bantur,
1464 2401 1502 2430 ad
1520 2401 1569 2430 sui
1589 2400 1731 2429 demanii
1750 2399 1818 2429 loca
1832 2408 1914 2429 nova
1931 2399 2114 2429 transvexit.
2134 2399 2200 2429 Nec
2218 2399 2284 2429 hiis

1318 2458 1486 2485 contentus
1503 2453 1670 2489 molestiis,
1687 2456 1859 2492 proventus
1874 2452 2080 2482 ecclesiarum
2096 2453 2280 2482 vacantium

1318 2512 1348 2538 et
1364 2516 1474 2538 earum
1497 2515 1575 2545 quas
1600 2505 1710 2535 subtili
1732 2510 1878 2544 procurat
1896 2505 2027 2543 ingenio
2047 2508 2208 2544 pastorum
2227 2514 2280 2535 ca-

1316 2570 1386 2591 rere
1401 2560 1576 2599 presentia,
1595 2558 1748 2598 quosdam
1767 2559 1801 2588 in
1822 2558 1964 2597 proprios
1979 2558 2134 2588 convertit
2149 2558 2279 2593 abusus,

1316 2612 1397 2643 alios
1416 2614 1448 2642 in
1466 2612 1600 2642 edificiis
1614 2616 1787 2642 castrorum
1805 2611 1964 2649 expendit,
1977 2610 2097 2641 Christi
2116 2611 2283 2641 ministros

1316 2667 1349 2696 in
1375 2667 1460 2696 lutea
1485 2669 1630 2696 cementa
1654 2670 1858 2696 conmutans.
1885 2664 2108 2704 Hospitalariis
2132 2669 2162 2694 et
2185 2665 2281 2695 Tem-

1317 2719 1438 2759 plariis,
1447 2728 1586 2758 quorum
1598 2718 1757 2757 sangnine
1769 2718 1867 2748 Terra
1877 2718 1993 2748 Sancta
2003 2717 2195 2754 defenditur,
2206 2725 2280 2747 cum

1313 2892 1338 2918 1.
1355 2892 1418 2919 eod.
1435 2890 1623 2926 procuranda.

1311 2940 1338 2967 2.
1356 2941 1416 2967 eod.
1437 2939 1540 2967 Deum.

1311 2988 1337 3016 3.
1355 2989 1416 3015 God.
1435 2989 1561 3015 lascivia.

1315 3038 1340 3065 4.
1359 3038 1421 3065 eod.
1437 3038 1626 3064 concidentur
1643 3037 1670 3063 in
1687 3037 1800 3063 frustra.
