2455 3560
632 364 682 393 LE
706 363 849 394 LIBER
871 360 1104 393 CENSUUM
1127 360 1182 390 DE
1205 355 1390 390 L'EGLISE
1413 358 1621 389 ROMAINE.
2129 359 2169 390 29

96 439 99 443 ’
129 430 252 460 malitia
268 430 393 461 obviam
407 435 555 466 exeunte,
573 434 605 460 ut
623 430 713 469 quasi
732 438 832 460 novus
851 429 988 469 pontifex
1005 437 1084 458 nove

128 483 320 522 receptionis
336 483 436 521 gloria
452 488 624 522 putaretur.
643 482 803 512 Psallebat
820 482 935 520 clerus,
953 481 1085 520 populus

127 535 300 572 exultabat,
315 536 496 575 expectabat
507 535 658 574 pupillus,
669 535 763 565 vidua
776 534 943 571 letabatur,
959 533 1086 573 plande-

129 590 181 620 bat
195 590 332 625 Grecus,
352 589 561 619 confitebatur
577 589 716 623 Ebreus;
740 588 847 618 nullus
867 596 977 623 sexus,
997 586 1086 617 nulia

129 643 268 673 conditio
295 643 334 673 de
362 643 440 672 tanti
467 642 563 680 patris
591 641 692 671 letitia
715 641 903 670 reddebatur
926 640 1084 670 inmunis.

128 697 218 726 Tunc
241 695 327 725 idem
350 695 489 725 oneratis
517 695 652 724 navibus
676 695 838 724 Romanos
863 694 938 723 vino
963 697 993 722 et
1020 693 1086 722 fru-

129 753 238 778 mento
259 747 440 784 stabiliens,
462 747 590 785 longam
614 747 756 785 ipsorum
781 746 902 776 amovit
924 745 1086 782 inediam,

129 801 290 831 frumento
310 810 364 839 per
384 801 531 839 regiones
555 800 652 830 Urbis
671 808 769 829 manu
789 799 988 829 sacerdotum
1009 798 1087 828 fide-

129 854 210 883 lium
230 854 417 889 distribut03
437 862 473 883 ac
492 854 526 882 in
549 852 769 882 misericordia
787 852 895 887 uberi,
914 860 992 890 quos
1010 860 1087 890 pau-

132 911 234 945 pertas
249 906 457 944 depresserat,
475 906 689 935 subventione
705 905 842 943 pecunie
859 904 975 934 levavit
990 913 1088 942 egen-

131 964 187 989 tes.
208 960 270 989 Pro
285 968 422 997 quorum
443 959 642 997 corrigendis
663 958 858 993 excessibus,
883 961 916 986 ut
936 957 974 987 de
992 957 1089 995 patris

133 1013 228 1042 ubere
243 1012 368 1050 flagella
384 1011 552 1050 discipline
573 1012 729 1041 sentirent
748 1015 779 1040 et
800 1010 838 1040 de
858 1010 970 1039 matris
993 1011 1089 1040 ubere

129 1065 361 1101 blandimenta,
378 1065 547 1103 plusquam
564 1068 692 1094 centum
710 1063 816 1093 millia
831 1063 984 1093 librarum
1001 1063 1090 1093 fuere

131 1117 243 1148 soluta.

170 1171 218 1200 28.
238 1188 276 1192 —
293 1172 390 1200 Anno
407 1170 609 1209 postmodum
622 1169 812 1199 duodecimo
828 1168 1028 1207 pontificatus
1042 1168 1092 1197 sui

131 1225 313 1262 Anagniam
339 1232 524 1263 properans,
545 1223 682 1261 suspecti
703 1222 786 1252 aeris
801 1222 975 1252 declinavit
989 1221 1091 1251 insul-

133 1278 211 1308 tus¹.
235 1277 333 1307 Porro
356 1280 514 1306 tortuosus
536 1275 666 1306 coluber
688 1275 743 1304 ille
769 1274 865 1305 Cesar
887 1275 921 1304 in
943 1275 1041 1313 patris
1063 1279 1093 1304 et

131 1335 278 1360 natorum
295 1329 586 1359 reconciliationem
601 1333 790 1364 commotus,
805 1333 955 1367 concepta
968 1337 1093 1358 venena

132 1392 194 1422 que
222 1384 310 1422 prius
331 1383 390 1412 sub
414 1391 621 1421 squamarum
651 1381 775 1419 tegebat
797 1381 973 1417 velamine,
992 1382 1093 1411 inter-

131 1437 208 1466 dum
231 1435 460 1474 punctionibus
481 1434 615 1465 occultis
637 1434 799 1470 immissa,
828 1434 894 1473 jam
915 1438 1021 1473 aperta
1047 1434 1093 1464 le-

133 1491 222 1520 sione
252 1489 414 1529 revelans,
446 1489 656 1518 Bobatiannm
694 1493 723 1517 et
752 1488 901 1525 Egidinm
930 1488 1030 1525 Botii,
1057 1497 1093 1519 ac

133 1543 286 1582 quosdam
306 1542 344 1572 de.
362 1541 451 1572 Urbe
472 1546 614 1580 potentes
637 1541 704 1571 soro
727 1540 906 1570 venalitatis
926 1541 1092 1579 expositos,

133 1596 204 1635 plus
230 1595 394 1626 offerentis
419 1595 551 1624 arbitrio
576 1594 794 1632 applicandos
825 1594 957 1631 {wcunia
988 1594 1094 1632 propi-

135 1649 232 1678 tiante
248 1648 399 1686 corrupit,
418 1652 448 1677 et
463 1648 531 1677 auri
549 1656 634 1676 sacra
649 1648 746 1676 sames
760 1647 887 1685 publico
903 1647 1095 1685 proclamata

135 1711 269 1741 precone
284 1702 461 1740 impudicos
479 1701 561 1731 filios
577 1701 615 1730 de
632 1701 740 1730 matris
758 1700 854 1730 ubere
869 1701 915 1730 sic
930 1700 1046 1730 avulsit
1062 1704 1095 1730 ut

135 1760 243 1785 contra
273 1755 392 1784 Christi
423 1754 578 1783 vicarium
608 1764 640 1782 se
669 1756 812 1791 potenter
838 1758 999 1782 armarent
1023 1763 1095 1782 mu-

136 1809 193 1837 niti
210 1812 370 1837 caractere
386 1807 588 1837 Antichristi.
604 1806 749 1842 Quorum
767 1806 861 1836 solvit
876 1806 1095 1844 colligationes

135 1862 265 1900 iniquas
295 1869 409 1889 manus
441 1860 564 1889 erudita
597 1859 772 1898 pontificis3
804 1863 833 1889 et
864 1869 917 1898 per
946 1859 1094 1889 devotum

135 1914 297 1945 Johannis
313 1914 350 1942 de
368 1913 482 1943 Judice
499 1917 573 1942 tunc
587 1912 744 1941 senatoris
765 1912 974 1951 obsequium,
997 1918 1097 1942 turres

135 1966 277 1997 hostium
302 1970 332 1995 et
353 1965 475 2003 operosi
499 1964 667 1994 marmoris
689 1964 827 1994 tabulata
846 1964 972 2003 palatia,
990 1965 1096 1995 nobile

136 2020 308 2057 vestigium
329 2019 444 2057 prioris
461 2018 562 2053 etatis,
581 2018 615 2046 in
634 2017 837 2056 opprobrium
854 2019 947 2047 ruine
962 2019 1094 2056 redegit.

135 2073 226 2102 Tunc
245 2072 370 2101 Cesaris
390 2080 512 2101 cessere
534 2071 702 2109 preconia,
724 2079 787 2100 non
807 2079 883 2100 auro
902 2079 965 2101 non
981 2071 1096 2101 astutia

136 2125 284 2156 revelata.
306 2125 378 2154 Jam
403 2124 532 2163 quidem
554 2123 687 2163 e[s]tatis
704 2124 880 2162 suspitione
899 2124 1040 2161 cedente,
1057 2125 1096 2154 ad

137 2179 259 2210 Urbem
276 2187 422 2208 summus
441 2181 527 2216 pater
548 2176 747 2214 regreditur²
762 2176 878 2214 grandi
891 2178 1097 2208 veneratione

137 2234 313 2269 susceptus.

178 2284 226 2314 29.
243 2299 282 2305 —
303 2283 365 2319 Qui
391 2282 465 2312 licet
486 2282 667 2312 innumeris
689 2287 818 2312 vexatus
835 2283 993 2321 angustiis
1015 2287 1094 2321 erat,

140 2341 246 2367 tamen
271 2336 306 2365 in
332 2335 436 2365 divini
463 2335 604 2365 nominis
632 2334 901 2373 contemplatione
926 2335 1095 2374 robustior,

139 2395 170 2420 et
190 2390 448 2429 predecessorum
467 2387 739 2427 sollicitudine[m]
756 2388 930 2418 devincens
949 2394 979 2418 et
997 2394 1094 2426 actus,

140 2443 324 2473 electissimi
348 2442 441 2472 serici
471 2441 575 2471 colore
603 2449 639 2470 ac
667 2441 785 2470 tinture
813 2441 970 2471 mirabilis
997 2442 1096 2472 indn-

139 2501 247 2526 menta
270 2494 461 2534 multiplicia
483 2493 673 2533 pontificalis
697 2494 793 2524 officii
814 2503 892 2524 auro
914 2499 944 2524 et
960 2496 1098 2532 gemmis

140 2548 284 2588 pretiosis
314 2549 434 2577 intexta
466 2548 500 2576 in
529 2555 608 2586 opus
637 2546 830 2576 sacerdotale
857 2547 1033 2584 distribuit,
1063 2557 1098 2577 ea

137 2603 227 2640 juxta
245 2601 429 2630 varietatem
451 2599 591 2630 colorum
614 2598 904 2637 sollempnitatibus
921 2605 1098 2639 temporum

137 2654 308 2692 allegorica
325 2653 578 2683 consideratione
600 2652 804 2682 conformans
818 2653 858 2682 ad
874 2653 983 2683 altaris
1002 2663 1098 2684 orna-

142 2712 208 2738 tum
236 2707 272 2736 in
299 2714 386 2743 auro,
416 2705 518 2735 nitore
544 2713 763 2743 gemmarum,
793 2714 929 2743 qnorum
958 2707 1099 2737 nobilius

141 2769 214 2791 cum
231 2759 355 2789 smaltis
370 2759 476 2788 aureis
491 2766 656 2796 pomorum
675 2758 850 2796 quantitati
869 2759 1098 2797 conformibus,

140 2813 278 2852 gemmis
293 2811 492 2842 electioribus
509 2815 539 2841 et
553 2819 630 2841 auro
645 2814 826 2840 contextum
844 2811 932 2842 mille
945 2812 1099 2843 librarum

141 2979 163 3005 i.
180 2978 250 3006 Juin
269 2977 345 3005 1238.

136 3028 164 3054 27..
183 3027 256 3053 Vers
271 3027 296 3053 la
312 3026 349 3052 fin
365 3025 510 3051 d'octobre
527 3024 605 3051 1238.

1203 426 1408 456 extimatione
1420 426 1577 463 probatur,
1591 430 1621 455 et
1631 427 1734 464 operis
1746 426 1950 457 distinctione
1965 425 2156 457 multimoda

1203 479 1363 509 velamina
1387 479 1521 517 pretiosa
1541 479 1705 510 concessit.
1725 479 1859 509 Crucem
1879 489 2009 510 auream
2027 481 2159 519 triginta

1204 540 1256 561 sex
1273 531 1343 561 anri
1362 531 1498 570 mar[cis]
1516 540 1687 571 appensam
1701 541 1794 571 opere
1810 532 1990 570 intransili,
2007 541 2154 570 gemma·

1203 593 1275 614 rum
1295 584 1443 613 varietate
1462 584 1654 621 distinctam,
1671 593 1807 623 quorum
1825 586 1959 624 pretium
1975 586 2164 616 extimatio-

1205 645 1278 667 nem
1296 645 1357 666 non
1375 638 1471 675 capit,
1489 637 1642 675 grandem
1659 638 1786 676 pretiosi
1807 638 1885 676 ligni
1902 638 2013 669 Crucis
2030 638 2157 670 vivifice

1204 690 1411 728 quantitatem
1443 690 1572 728 ingenio
1601 691 1725 721 subtilis
1754 692 1884 721 artificis
1914 697 2154 730 contegentem,

1205 742 1347 781 ejusdem
1368 743 1528 781 deputavit
1543 743 1710 782 obsequi03
1731 745 1821 783 cnjus
1838 754 1890 783 pes
1910 750 2080 783 argenteus
2095 754 2156 775 au-

1204 804 1260 824 rea
1283 796 1563 834 superinductione
1587 801 1746 827 contectus
1775 802 1805 827 et
1835 807 1927 836 capsa
1956 798 2055 828 multe
2078 798 2158 829 soli-

1206 848 1312 878 ditatis
1340 854 1490 886 argentea
1518 849 1629 887 viginti
1657 859 1835 880 marcarum
1865 851 2002 890 pondere
2031 850 2162 890 publico

1207 901 1442 940 appenduntur.
1465 902 1580 941 Sicque
1606 903 1698 932 totius
1715 904 1840 942 operis¹
1862 905 2032 940 extimatio,
2052 909 2158 943 preter

1207 954 1429 984 inextimabile
1443 954 1568 992 lignum
1586 955 1712 993 Crucis,
1733 956 1819 985 mille
1839 965 2016 986 marcarum
2033 957 2162 995 argenti

1208 1008 1370 1046 purissimi
1395 1008 1647 1038 consideratione
1674 1008 1864 1039 malleatoris
1889 1010 2020 1040 excedit.
2051 1011 2164 1041 Libros

1209 1060 1343 1090 contulit
1359 1061 1515 1091 electioris
1535 1060 1644 1091 lictere
1663 1070 1698 1091 ac
1722 1063 1843 1100 pictura
1860 1062 1998 1093 decoros.
2025 1063 2086 1093 Hic
2110 1063 2166 1093 in-

1210 1114 1312 1144 stituit
1341 1118 1375 1143 ut
1406 1123 1529 1152 semper
1557 1114 1592 1143 in
1619 1119 1705 1144 sexta
1734 1115 1813 1144 feria
1840 1115 1875 1144 in
1904 1116 2043 1155 vesperis
2074 1125 2163 1147 com-

1210 1167 1292 1206 pleto
1314 1167 1404 1197 solito
1427 1176 1521 1197 cursu
1542 1172 1686 1197 cantetur
1706 1167 1793 1197 Salve
1813 1169 1923 1206 Reqina
1943 1170 2162 1206 misericordie,

1211 1225 1241 1250 et
1264 1221 1299 1250 in
1325 1226 1414 1251 nocte
1438 1221 1614 1259 antiphana
1635 1222 1722 1251 Beata
1744 1223 1794 1250 Dei
1817 1224 1952 1259 qenitrim
1975 1223 2090 1259 Maria,
2112 1231 2164 1253 se-

1211 1278 1281 1303 cuta
1296 1274 1438 1303 oratione
1462 1275 1536 1303 Dens
1559 1275 1614 1311 qni
1638 1275 1672 1303 de
1696 1275 1773 1303 beate
1798 1276 1900 1310 Marte,
1921 1280 1997 1312 etc.;
2023 1280 2052 1305 et
2077 1276 2163 1314 quod

1211 1331 1284 1356 ante
1305 1335 1418 1365 corpus
1442 1327 1584 1363 Domini,
1609 1335 1681 1356 cnm
1705 1327 1788 1356 idem
1811 1328 1988 1366 conficitur,
2010 1337 2165 1367 campana

1211 1379 1365 1418 pulsetur.

1251 1432 1299 1462 30.
1315 1449 1353 1455 -
1369 1433 1505 1462 Interim
1520 1438 1626 1463 autem
1643 1433 1800 1463 ebulliens
1816 1435 1971 1472 serpentis
1987 1436 2102 1464 astutia
2114 1444 2170 1465 ve-

1212 1495 1296 1516 nena
1310 1486 1458 1524 prodebat
1473 1487 1506 1516 in
1525 1486 1698 1526 publicum,
1711 1487 1744 1516 in
1759 1487 1878 1517 Christi
1893 1489 2047 1518 vicarium
2062 1492 2091 1518 et
2103 1489 2170 1519 fra-

1214 1544 1276 1569 tres
1291 1540 1489 1570 venerabiles
1504 1539 1682 1570 cardinales
1697 1549 1732 1569 ac
1745 1541 1813 1579 ejus
1828 1541 1998 1578 sanguinis
2011 1542 2171 1580 proximos

1214 1593 1380 1630 sanguinis
1393 1593 1546 1623 effusione
1562 1594 1737 1631 suspirans,
1751 1594 1831 1623 sicut
1844 1594 1943 1632 ipsius
1956 1594 2063 1624 lictere
2079 1600 2170 1625 testa-

1215 1646 1330 1675 bantur
1346 1646 1465 1676 eisdem
1481 1646 1698 1676 cardinalibus
1719 1651 1748 1676 et
1770 1646 1883 1685 populo
1902 1647 2046 1677 Romano
2062 1651 2168 1677 trans-

1215 1699 1350 1735 misse²3
1369 1708 1430 1738 qne
1447 1703 1549 1737 preter
1566 1699 1749 1728 comminata
1769 1699 1925 1738 supplicia
1945 1710 2168 1738 personarum,

1215 1751 1384 1790 apostolice
1400 1751 1482 1780 sedis
1500 1752 1671 1782 discidium
1694 1756 1723 1781 et
1746 1761 1841 1789 grave
1862 1753 1945 1782 same
1963 1753 2168 1792 dispendium

1215 1804 1390 1842 sapiebant,
1408 1805 1432 1834 si
1454 1809 1557 1834 tamen
1574 1809 1682 1834 contra
1697 1805 1814 1835 famam
1832 1806 1927 1843 patris
1943 1807 2089 1836 omnium
2105 1807 2171 1846 opi-

1217 1858 1312 1886 nione
1329 1857 1498 1887 laudabilis
1516 1858 1601 1887 filius
1619 1858 1804 1888 admittatur
1827 1859 1968 1890 infamis.
1987 1860 2064 1896 Quis
2082 1861 2171 1890 enim

1216 1915 1361 1940 sanctum
1379 1920 1446 1940 esse
1462 1911 1583 1940 dubitat
1599 1920 1694 1949 quem
1709 1921 1786 1950 apex
1803 1916 1887 1942 tante
1903 1912 2066 1951 dignitatis
2081 1913 2172 1944 attol-

1217 1962 1277 1992 lit?
1298 1964 1377 2000 Quis
1398 1964 1485 1994 enim
1508 1973 1570 1994 non
1592 1964 1676 1994 dicat
1696 1965 1874 1994 hereticum
1897 1965 1980 1996 sedis
2002 1966 2171 2004 apostolice

1216 2017 1460 2046 subversorem?
1476 2016 1555 2047 Cum
1568 2018 1655 2047 enim
1667 2023 1862 2048 sacrosancte
1874 2018 1957 2048 sedis
1969 2018 2102 2058 antis[ti]
2110 2024 2171 2050 tem

1216 2073 1361 2100 sanctum
1392 2074 1550 2100 assserant
1582 2071 1796 2101 sacratissime
1826 2072 2021 2109 sanctiones,
2054 2081 2171 2112 penam

1216 2128 1356 2153 meretur
1382 2123 1530 2161 sacrilegi
1556 2123 1594 2153 de
1620 2127 1705 2154 tante
1728 2124 1811 2154 sedis
1834 2124 1972 2163 potentia
1998 2125 2175 2164 disputare.

1217 2176 1300 2206 Satis
1325 2177 1359 2206 in
1378 2177 1445 2215 ejus
1464 2185 1580 2215 penam
1603 2182 1706 2215 preter
1723 2177 1814 2216 culpe
1836 2178 1992 2215 gravioris
2012 2187 2175 2209 excessum

1216 2229 1327 2259 miseri
1352 2230 1443 2267 regni
1463 2229 1574 2259 Sicilie
1592 2230 1776 2260 continuata
1801 2230 1946 2260 molestia
1964 2231 2109 2261 sufficere
2124 2241 2178 2271 po-

1218 2285 1311 2319 terat,
1337 2282 1459 2312 ntinam
1483 2291 1548 2313 non
1569 2283 1603 2312 in
1625 2282 1737 2312 salutis
1757 2283 1962 2322 dispendium
1980 2284 2020 2314 ab
2037 2284 2180 2314 Ecclesia

1217 2334 1430 2374 tollerata,cuj
1437 2344 1473 2364 us
1485 2335 1626 2365 nutritus
1635 2339 1663 2365 et
1675 2339 1839 2374 provectus
1848 2330 1859 2349 ³
1869 2336 2021 2366 uberibus
2032 2337 2100 2375 ipsa
2112 2341 2179 2367 tan-

1219 2387 1290 2416 dem
1320 2388 1419 2418 ubera
1444 2388 1590 2417 dentium
1617 2387 1809 2418 laceratione
1836 2389 2007 2426 quassavit.
2037 2390 2075 2419 Et
2101 2395 2136 2420 ut
2160 2400 2180 2421 a

1219 2441 1400 2471 sanctuario
1415 2450 1532 2470 manus
1550 2441 1703 2471 sevientis
1719 2441 1874 2480 inciperet
1889 2446 1919 2471 et
1936 2442 1970 2472 in
1988 2442 2179 2473 domesticos

1218 2494 1387 2532 peregrina
1401 2494 1639 2524 inhumanitate
1655 2495 1783 2531 seviret,
1796 2495 2040 2525 Cathaniensem
2055 2497 2180 2535 episco-

1218 2556 1294 2586 pum
1311 2548 1403 2585 regni
1419 2547 1531 2578 Sicilie
1546 2547 1785 2583 cancellarium,
1803 2557 1840 2577 ex
1859 2549 1951 2587 cnjus
1967 2549 2064 2579 ubere
2078 2550 2180 2588 gratis

1219 2600 1382 2639 obsequiis
1397 2601 1501 2639 prima
1514 2601 1660 2630 ciborum
1676 2601 1859 2630 rudimenta
1875 2602 2025 2640 suscepit,
2038 2603 2137 2632 crevit
2149 2607 2180 2632 et

1219 2654 1353 2692 profecit
1370 2654 1536 2693 impensis,
1550 2654 1609 2683 sub
1623 2655 1691 2692 eJus
1706 2653 1802 2684 tutele
1817 2654 1956 2693 presidio
1968 2655 2035 2693 Jam
2050 2655 2180 2686 adultus

1219 2707 1304 2736 inter
1326 2716 1381 2736 sue
1403 2707 1576 2737 senectutis
1594 2710 1734 2737 extrema
1757 2707 1942 2746 proscripsit
1962 2708 2073 2747 exilio,
2095 2713 2126 2738 et
2142 2718 2180 2739 ea

1220 2764 1402 2799 paupertate
1424 2760 1609 2799 dampnavit
1629 2764 1660 2790 nt
1684 2761 1846 2790 viventem
1869 2761 1934 2791 vita
1957 2761 2125 2800 repelleret
2148 2767 2180 2793 et

1219 2932 1243 2958 1.
1263 2932 1325 2959 Coa.
1343 2932 1491 2966 temporis.

1217 2979 1244 3006 2.
1261 2979 1390 3010 Padoue,
1412 2979 1441 3006 12
1458 2987 1533 3006 mars
1552 2979 1636 3011 123&
1653 2979 1962 3013 Huilta1·d·B1·eholles‚
1978 2985 1998 3008 t.
2016 2981 2052 3015 V,
2068 2990 2096 3016 p.
2112 2982 2175 3010 ⁶282.

1219 3028 1244 3056 3.
1262 3029 1325 3055 Cocl.
1342 3029 1498 3063 profectus.
