2465 3582
173 292 210 321 74

245 356 316 383 Cum
342 365 391 391 pro
413 356 508 386 nobis,
528 355 664 382 fratribus
686 355 793 381 nostris
815 358 931 389 totaque
954 355 1033 380 curia
1051 353 1181 380 Romana

210 406 316 439 ubique
338 405 426 431 libera
451 405 552 430 debeat
575 413 640 430 esse
663 408 833 430 cunctorum
856 404 890 430 ad
915 404 1020 430 victum
1047 410 1182 429 necessa-

211 455 317 480 riorum
334 454 459 484 evectio,
478 453 614 479 mirantes
631 452 794 479 audivimus
814 452 891 486 quod
911 452 945 478 ad
962 453 1072 478 curiam
1089 451 1181 485 ipsam

209 503 275 529 talia
295 502 328 528 de
353 506 426 527 terra
449 505 497 527 tua
517 501 627 527 deferre
647 501 775 527 volentes
796 500 903 527 diceris
924 500 1094 535 prohibere,
1112 502 1183 537 ets-1

210 551 430 586 prohibitionem
457 549 623 583 hujusmodi
655 549 793 579 remittis,
825 548 978 583 aliquando
1003 547 1108 574 exinde
1136 547 1182 574 illa

210 600 294 626 educi
312 607 366 625 non
383 599 489 633 pateris
503 607 567 624 cum
585 598 679 624 debita
692 598 832 630 libertate,
845 598 896 624 sed
913 597 1076 624 deferentes
1092 597 1180 624 variis

211 648 411 675 exactionibus
423 655 525 673 oneras
542 651 569 673 et
583 647 744 681 perturbas.
759 646 901 678 Quocirca
914 647 1089 673 nobilitatem
1102 650 1179 673 tuam

210 704 377 725 monemus,
397 704 532 729 rogamus
553 699 580 721 et
601 699 729 722 ortamur
751 699 873 727 attente,
892 704 942 730 per
957 696 1113 730 apostolica
1129 687 1180 721 tibi

211 744 416 770 nichilominus
432 744 539 777 scripta
561 743 730 769 mandantes
745 748 889 777 quatenus
905 744 933 770 in
950 744 1006 770 hiis
1022 743 1179 770 remedium

209 792 347 819 adhibere
364 791 447 817 celeri
460 791 658 817 emendatione
671 792 821 824 festinans,
839 791 1059 826 prohibitionem
1077 792 1180 826 hujus-

211 840 297 871 modi,
310 841 342 870 si,
357 840 431 873 quod
445 840 491 865 vix
503 840 620 865 credere
633 847 800 874 possumus,
819 840 890 866 forte
903 841 1055 874 processit,
1068 840 1180 874 publice

209 889 328 915 studeas
345 896 480 914 revocare
491 909 498 919 ,
515 888 548 914 ad
566 888 685 914 eandem
706 888 813 914 curiam
832 888 972 922 premissa
989 896 1037 922 per
1053 888 1116 914 illos
1131 887 1180 921 qui

209 945 243 963 ea
258 945 312 963 non
331 936 533 971 negotiationis
548 944 652 967 causa,
676 936 725 962 sed
746 936 780 962 ad
799 944 883 962 usum
900 936 1048 962 curialium
1069 935 1180 962 deferre

213 986 353 1012 voluerint
365 1007 371 1018 ,
389 993 477 1018 super
493 985 547 1010 hoc
564 985 721 1010 litterarum
739 984 834 1011 dilecti
852 985 902 1011 filii
921 985 1068 1010 camerarii
1089 984 1181 1010 nosti-i

212 1034 410 1060 testimonium
429 1033 595 1062 exibentes,
609 1032 712 1058 deferri
731 1032 818 1058 libere
833 1033 942 1066 absque
957 1032 1080 1066 alicujus
1096 1040 1180 1058 exac-

210 1083 298 1109 tionis
316 1082 420 1107 lioucrc
438 1082 648 1115 permissurus,
667 1081 705 1106 ita
721 1081 796 1114 quod
814 1080 976 1106 devotionis
991 1084 1039 1106 tue
1061 1080 1180 1114 promti—

208 1131 336 1158 tudinem
355 1139 408 1156 non
430 1129 572 1156 immerito
588 1129 790 1156 commendare
808 1129 963 1163 possimus,
982 1137 1034 1155 nec
1051 1129 1084 1155 ad
1101 1129 1178 1154 aliud

211 1188 298 1214 super
315 1179 370 1205 hiis
385 1177 538 1204 consilium
553 1177 745 1204 adhibendum
761 1178 827 1204 facti
845 1178 968 1211 qualitas
984 1185 1036 1203 nos
1052 1177 1177 1203 inducat.

246 1228 276 1253 ln
303 1227 403 1253 eodem
427 1226 510 1252 modo
535 1227 752 1260 archiepiscopo
779 1230 804 1252 et
830 1226 942 1253 dilectis
966 1226 1031 1252 filiis
1054 1225 1178 1259 capitulo

210 1276 380 1302 Viennensi.

246 1323 277 1349 In
295 1324 394 1349 eodem
412 1322 495 1348 modo
512 1323 636 1356 capitulo
655 1322 849 1349 Lucdunensi.

244 1371 275 1398 In
293 1372 394 1397 eodem
412 1371 496 1397 modo
513 1371 604 1397 electo
623 1370 782 1396 Valentino.

245 1420 274 1445 ln
295 1420 394 1445 codem
412 1420 530 1452 sylvani
548 1420 581 1444 de
598 1418 736 1445 Cim-iaco.

244 1468 274 1493 ln
293 1468 392 1493 eodem
411 1467 494 1493 modo
512 1467 638 1501 Rogerio
651 1467 766 1492 domino
781 1467 816 1492 de
835 1466 927 1492 Volta.

244 1516 275 1541 In
292 1516 357 1542 eod.
375 1516 458 1541 modo
474 1515 589 1541 domino
605 1516 638 1541 de
656 1515 840 1541 Rossillione.

246 1564 276 1590 ln
293 1564 355 1590 eod⁴
375 1564 457 1589 modo
474 1565 615 1590 Asemaro
632 1564 665 1589 de
685 1563 822 1590 Pictavi-a.

245 1612 275 1638 ln
293 1613 356 1639 eod.
376 1612 458 1638 modo
476 1612 601 1646 Guigoni
617 1612 651 1638 de
670 1612 854 1640 Rossillione.

245 1661 276 1687 ln
293 1661 356 1686 eod.
377 1660 459 1686 modo
475 1660 603 1686 Gerardo
620 1661 738 1694 Aymari
756 1665 783 1686 et
805 1660 958 1687 Lamberto
981 1661 1014 1687 de
1038 1661 1177 1688 Montitio.

244 1709 277 1735 In
293 1709 356 1735 eod.
376 1709 459 1735 modo
473 1709 609 1743 episcopo
627 1709 800 1735 Vivariensi.

244 1757 275 1783 In
293 1757 354 1784 eod.
375 1757 458 1783 modo
475 1757 584 1783 Dalfinc
602 1757 771 1784 Viennensi.

245 1805 276 1831 In
292 1806 354 1832 eod.
375 1806 457 1831 modo
474 1806 641 1832 senescalco
657 1805 817 1836 Bellicadri,
837 1815 890 1832 non
908 1807 1037 1841 apposita
1053 1807 1180 1833 clausula

209 1854 270 1880 Nec
286 1854 360 1880 alind
381 1863 467 1888 super
484 1855 538 1880 liiis
555 1858 610 1881 etc.

176 1904 271 1932 (Aulre
286 1904 384 1934 main.)
403 1902 432 1928 ln
450 1902 513 1928 cod.
533 1903 615 1928 modo
632 1903 740 1929 comitti
755 1903 950 1929 Gebeonensi.

246 1950 277 1976 ln
295 1950 358 1976 cod.
376 1950 458 1976 modo
475 1950 589 1976 domino
606 1951 640 1976 dc
655 1951 799 1977 Turnone.

250 1998 277 2024 ln
296 1999 360 2025 eod.
378 1998 461 2024 modo
477 1999 592 2024 domino
610 1999 643 2024 de
661 1999 758 2024 Monte
777 1999 904 2034 Lupello.

246 2047 277 2072 ln
295 2046 358 2072 eod.
379 2046 462 2072 modo
479 2046 593 2072 domino
611 2047 645 2072 de
663 2047 776 2073 Villars.

247 2094 276 2120 ln
294 2095 357 2120 eod.
377 2095 459 2120 modo
483 2095 590 2120 comitti
616 2095 759 2120 Sabaudie
781 2099 809 2120 et
832 2095 948 2124 Bursie.
972 2104 1027 2121 non
1051 2097 1181 2130 apposita

210 2143 337 2168 clausula
352 2142 411 2167 Nec
428 2143 502 2168 aliud
519 2143 676 2176 superbiis
692 2146 719 2168 et
736 2147 842 2169 cetera.

245 2191 275 2217 In
293 2191 391 2216 eodem
411 2192 493 2217 modo
510 2192 650 2218 committi
669 2191 788 2217 Forensi
804 2200 869 2218 cum
886 2193 1026 2219 clausula.

247 2239 278 2265 ln
297 2240 394 2265 eodem
413 2239 496 2265 modo
512 2240 627 2265 domino
644 2239 783 2266 Belliloci.

247 2287 278 2313 ln
291 2287 485 2312 eodemmodo
497 2287 611 2313 domiuo
625 2288 725 2313 bailivo
744 2288 947 2315 Matisconensi
960 2297 1025 2315 cum
1038 2290 1180 2317 clausula.

247 2335 277 2361 ln
295 2336 394 2361 eodem
413 2336 495 2361 modo
511 2335 604 2361 abbati
622 2335 834 2363 Savinissneusi.

247 2384 278 2409 In
296 2384 394 2409 eodeni
414 2384 496 2409 modo
509 2384 666 2409 senescallo
683 2384 831 2410 Provincic
847 2390 874 2411 ct
889 2385 1107 2420 Fulcalcffierii),
1124 2395 1179 2413 non

210 2432 340 2466 apposita
357 2432 485 2457 clausula
504 2431 562 2457 Noc.
578 2432 652 2457 aliud
671 2440 758 2465 super
775 2433 830 2458 hiis
847 2436 896 2461 ecc.

663 2534 690 2559 ’ἢ

679 2552 702 2560 ι..

176 2626 393 2653 AYALUATtONEs
409 2635 560 2652 CENSL'ALES
578 2636 742 2654 APOSTOLlCE
755 2631 772 2654 Ι.

250 2700 388 2726 Florenus
410 2702 555 2727 censualis
576 2701 691 2728 debitus
712 2703 813 2728 valetx
828 2703 952 2734 solidos,
976 2713 1002 2730 vi
1029 2705 1179 2737 denarios,

213 2748 424 2774 Turonensium
442 2757 592 2783 parvorum
609 2749 804 2783 antiquorum.

215 2907 239 2935 1.
258 2907 404 2941 Muratori,
418 2910 520 2941 Διαίῳ,
535 2907 604 2938 t.11,
618 2917 645 2943 p.
659 2909 720 2942 783,
734 2909 845 2944 d'aprcs
863 2918 917 2936 une
934 2913 1080 2939 mauvaise
1097 2914 1180 2948 copie

718 291 767 319 LE
791 290 937 320 LIBER
959 287 1193 319 CENSUUM
1216 288 1271 317 DE
1296 278 1482 317 L'EGLISE
1504 286 1718 317 ROMAINE.

1335 351 1465 379 Grossus
1481 360 1571 383 unus,
1589 360 1628 378 xit
1643 351 1776 378 denarios
1790 351 1987 378 Turonenses.

1336 398 1421 426 Libra
1435 400 1498 426 auri
1513 408 1575 426 xcvi
1588 400 1724 426 florenos.

1336 447 1451 474 Marcha
1467 448 1528 474 auri
1547 456 1622 474 ann
1637 448 1774 474 florenos.

1336 495 1430 522 Uncia
1444 496 1505 522 auri
1523 497 1549 522 in
1567 504 1637 522 auro
1656 496 1708 527 ivel
1723 503 1773 522 ιιινο
1791 498 1871 527 mar.)
1886 499 1893 516 ¹
1909 503 1958 522 vm
1973 495 2112 522 florenos.

1337 543 1429 570 Uncia
1444 543 1506 570 auri
1522 544 1550 570 in
1566 548 1685 578 argento
1700 552 1717 570 v
1732 543 1869 570 florenos.

1336 591 1451 618 Marcha
1467 591 1529 618 auri
1545 592 1620 618 valet
1635 592 1708 619 duas
1724 597 1819 627 partes
1834 591 1905 618 libre
1920 591 1993 618 auri.

1335 640 1452 667 Marcha
1467 649 1534 666 vero
1550 641 1661 674 argenti
1679 640 1751 667 valet
1769 649 1787 667 ιι
1803 644 1900 675 partes
1914 640 1986 666 libre
2001 641 2124 675 argenti.

1334 688 1418 715 Libra
1433 690 1542 723 argenti
1560 697 1632 715 Lxxv
1648 697 1779 724 grossos.

1334 737 1450 764 Marcha
1476 739 1588 772 argenti
1617 746 1652 764 ex
1677 737 1869 764 conventione
1899 737 2017 771 antiqua
2046 737 2075 763 in
2101 736 2207 771 Anglia
2231 744 2272 764 1111

1295 787 1433 813 florenos.

1331 835 1446 861 Marcha
1465 835 1577 869 argenti
1600 836 1626 861 in
1649 835 1714 861 aliis
1734 833 1868 869 partibus
1888 837 2030 868 quantum
2046 834 2120 860 valet
2139 840 2275 860 commu-

1297 883 1372 909 niter
1385 887 1515 918 tempore
1531 883 1697 909 solutionis.

1332 931 1417 958 Libra
1442 931 1552 966 argenti
1584 931 1646 966 puri
1674 930 1737 964 (vel
1767 937 1798 957 11⁶
1827 938 1898 957 mar.
1923 931 1996 964 arg.)
2013 934 2032 963 ¹,
2058 938 2107 956 vm
2132 929 2274 964 florenos,

1298 989 1337 1007 nn
1354 988 1485 1014 grossos.

1333 1028 1418 1054 Libra
1438 1029 1549 1062 argenti
1570 1028 1605 1053 de
1626 1028 1732 1061 Anglia
1755 1031 1782 1053 et
1806 1026 1936 1053 Romana
1960 1026 2050 1059 curia,
2072 1034 2112 1054 vu
2131 1026 2272 1061 florenos,

1297 1085 1315 1102 x
1330 1084 1460 1110 grossos,
1478 1075 1602 1102 medium
1619 1076 1726 1110 grossi.

1333 1124 1417 1151 Libra
1427 1125 1538 1159 argenti
1555 1124 1589 1150 de
1603 1123 1761 1158 Aragonia,
1774 1122 1890 1154 Tussia,
1904 1122 2037 1149 Sardinia
2049 1126 2078 1148 et
2091 1121 2273 1157 hujusmodi,

1296 1181 1333 1199 vn
1348 1173 1475 1200 florenos
1492 1173 1617 1199 medium
1634 1172 1747 1199 floreni.

1332 1221 1425 1248 Uncia
1440 1222 1561 1255 argenti,
1580 1229 1616 1247 vn
1634 1228 1766 1255 grossos,
1785 1220 1910 1246 medium
1925 1220 2033 1254 grossi.

1333 1270 1531 1296 Marabotinus
1553 1270 1665 1303 argenti
1693 1277 1781 1295 unum
1803 1268 1945 1294 florenum
1964 1269 2061 1294 minus
2077 1276 2114 1294 vn
2138 1267 2274 1294 denarios

1295 1319 1494 1345 Turonenses.

1333 1367 1494 1393 Duodecim
1512 1366 1723 1400 Malgurienses
1742 1375 1750 1393 1
1765 1373 1911 1400 grossum.

1332 1416 1442 1442 Obolus
1458 1423 1564 1441 aureus
1582 1424 1588 1441 ι
1604 1415 1758 1440 florenum.

1333 1465 1452 1491 Aureus
1468 1473 1475 1490 1
1491 1464 1644 1490 florenum.

1333 1513 1562 1539 Massamutinus
1578 1512 1640 1538 auri
1658 1521 1675 1539 ιι
1693 1516 1788 1547 partes
1803 1513 1891 1538 unius
1906 1512 2017 1538 floreni.

1333 1562 1422 1588 Solidi
1446 1561 1618 1588 innominati
1640 1561 1841 1595 intelliguntur
1870 1561 1905 1586 de
1926 1560 1990 1587 aliis
2012 1561 2041 1587 in
2065 1561 2121 1587 illis
2144 1560 2274 1595 partibus

1297 1611 1458 1637 consuetis.

1332 1667 1369 1685 vn
1386 1659 1494 1685 denarii
1511 1659 1659 1693 pipiouuin
1677 1667 1684 1684 1
1701 1658 1905 1684 malachinum.

1334 1715 1372 1733 xn
1388 1706 1499 1733 denarii
1514 1707 1709 1741 pictavienses
1725 1715 1732 1732 1
1749 1706 1952 1732 malachinum.

1334 1755 1515 1781 Malachinus
1529 1763 1578 1781 vin
1592 1762 1723 1789 grossos.

1334 1804 1508 1830 Bisuntinus
1523 1812 1571 1830 xin
1588 1811 1716 1837 grossos,
1737 1803 1860 1829 medinm
1879 1803 1986 1835 grossi.

1334 1853 1486 1879 Tullenses
1500 1861 1548 1878 vni
1565 1852 1648 1878 solidi
1666 1857 1694 1877 ct
1716 1860 1753 1877 nn
1772 1851 1878 1877 denarii
1901 1851 1996 1877 valent
2014 1859 2101 1877 unum
2118 1851 2273 1878 florenum.

1334 1901 1526 1928 Nantensium
1544 1908 1581 1926 xx
1602 1899 1684 1926 solidi
1702 1900 1796 1925 valent
1813 1908 1818 1925 1
1836 1899 1987 1925 florenum.

1336 1949 1509 1975 Metensium
1528 1957 1555 1975 ix
1571 1948 1654 1974 solidi
1672 1952 1700 1974 et
1714 1956 1742 1974 vi
1755 1947 1864 1974 denarii
1883 1948 1976 1973 valent
1992 1956 1999 1974 1
2014 1947 2166 1974 florenum.

1335 1997 1561 2031 Frisingentium
1581 2005 1619 2022 xn
1640 1996 1749 2022 denarii
1766 1997 1861 2022 valent
1883 2005 1888 2022 1
1913 2003 2048 2029 grossum
2073 1997 2223 2030 antiquum
2247 1999 2276 2022 et

1300 2046 1425 2072 medium
1445 2046 1542 2072 unius.

1334 2094 1464 2120 Tarenus
1483 2094 1555 2120 valet
1573 2098 1603 2119 ut
1618 2093 1691 2118 infra
1707 2093 1866 2127 sequitui-².

1263 2239 1297 2265 de
1318 2238 1472 2271 Grimaldi;
1491 2238 1640 2272 Garampi,
1659 2238 1756 2271 Saqqi‘o
1779 2238 1808 2262 cli
1831 2237 2017 2263 essert-azioni
2035 2237 2081 2261 sul
2101 2237 2193 2262 valore
2208 2235 2276 2262 delle

1263 2288 1371 2313 antiche
1388 2290 1490 2313 monete
1502 2288 1652 2320 pontificie,
1670 2286 1844 2320 appendice.
1863 2295 1889 2320 p.
1906 2286 1957 2317 :¹9;
1977 2286 2014 2310 cf.
2031 2284 2194 2316 ci-dessus‚
2213 2287 2232 2311 t.
2249 2283 2274 2315 Ι,

1264 2345 1290 2370 p.
1310 2337 1324 2361 7
1337 2343 1363 2361 a.
1377 2349 1412 2355 -
1427 2334 1506 2362 C'est
1521 2337 1537 2361 a
1552 2339 1608 2361 tort
1624 2342 1680 2368 que
1697 2335 1750 2361 l'ou
1767 2334 1891 2360 attribue
1907 2335 1922 2358 a
1937 2333 2008 2358 Jean
2025 2332 2060 2358 de
2075 2331 2233 2366 Cabrespin
2249 2332 2276 2358 la

1264 2384 1408 2410 redaction
1434 2384 1468 2410 de
1492 2387 1568 2410 cette
1593 2383 1683 2418 pi'ece.
1710 2382 1730 2409 ll
1757 2382 1833 2408 sussit
1855 2381 1889 2407 dc
1911 2381 1971 2406 voir
1996 2381 2020 2406 la
2045 2380 2198 2407 difien-enee.
2223 2379 2276 2406 des

1263 2433 1404 2459 eci-iturcs
1420 2432 1493 2458 dans
1517 2433 1542 2458 le
1566 2432 1689 2458 [necat-d.
1708 2431 1758 2457 ²228
1777 2439 1848 2465 pour
1863 2429 2053 2463 comprendre
2069 2437 2126 2463 que
2141 2429 2183 2455 les
2199 2431 2275 2455 mots

1262 2482 1458 2516 Sum-ascripta
1472 2482 1568 2507 cedula
1585 2489 1620 2506 ne
1637 2488 1668 2506 se
1686 2483 1852 2515 rapportent
1868 2479 1934 2513 qu’a
1948 2479 1972 2504 la
1986 2477 2074 2512 partie
2090 2478 2277 2512 supplemen-

1263 2530 1332 2556 taire
1355 2531 1398 2556 Est
1419 2530 1577 2560 sciendum,
1599 2533 1654 2555 etc.
1679 2528 1853 2562 Cabrcspin,
1877 2535 1968 2553 nonce
1989 2535 2023 2552 en
2046 2525 2172 2560 Pologne
2189 2529 2217 2551 et
2238 2533 2275 2551 en

1266 2577 1402 2612 Hongrie,
1419 2583 1553 2612 rapporta
1570 2579 1584 2604 a
1603 2578 1738 2611 Avignon
1757 2584 1813 2602 une
1831 2579 1896 2602 note
1913 2583 1964 2601 sur
1976 2575 2000 2600 la
2012 2574 2111 2600 valeur
2126 2574 2177 2599 des
2194 2581 2276 2600 mon-

1264 2625 1343 2652 naies
1358 2625 1429 2652 dans
1446 2626 1469 2652 le
1486 2633 1622 2660 royaume
1639 2625 1675 2651 de
1692 2624 1831 2651 Boheme.
1851 2624 1931 2649 Cette
1949 2626 2015 2649 note
2030 2622 2074 2648 fut
2093 2624 2208 2656 aj0utee
2225 2629 2276 2656 par

1264 2675 1304 2700 les
1320 2675 1468 2709 employes
1482 2674 1516 2700 de
1529 2675 1553 2700 la
1565 2673 1706 2700 Chambre
1723 2681 1758 2699 au
1776 2672 1845 2698 tarif
1858 2672 2053 2698 Avaluationes
2064 2668 2151 2705 qu’ils
2162 2669 2277 2696 avaient:

1264 2723 1448 2749 eux-memes
1463 2723 1562 2749 etabli.

1301 2772 1325 2797 1.
1345 2771 1452 2805 Ajoute
1468 2772 1553 2806 apres
1569 2779 1657 2805 coup.

1299 2820 1325 2846 2.
1345 2819 1423 2846 Dans
1440 2821 1463 2846 le
1481 2828 1535 2847 ms.
1548 2819 1599 2846 des
1616 2818 1774 2852 Archives‚
1789 2817 1843 2843 XV
1864 2818 1889 2850 1,
1907 2817 1924 2842 il
1942 2818 1988 2842 est
2003 2817 2100 2849 ajoute
2113 2823 2148 2841 en
2164 2822 2274 2849 marge,

1264 2868 1299 2894 de
1314 2868 1439 2894 seconde
1456 2868 1532 2894 main
1545 2878 1551 2894 ε
1564 2868 1727 2900 Auqustales
1744 2867 1880 2892 dicuntur
1895 2865 1928 2891 ab
1939 2865 2060 2897 Auyusto
2075 2866 2099 2890 et
2114 2864 2184 2890 valet
2201 2870 2276 2889 unus

1263 2919 1418 2950 auyzcstalis
1434 2917 1476 2942 XV
1490 2918 1627 2947 carlenos,
1645 2919 1669 2942 et
1685 2923 1759 2941 unus
1773 2915 1902 2940 carlenus
1922 2914 1991 2938 valet
2011 2915 2041 2938 ut
2063 2912 2142 2944 infra
2157 2912 2273 2938 dicitur.
