2455 3560
626 342 678 371 LE
699 341 846 371 LIBER
868 340 1104 371 CENSUUM
1127 340 1182 370 DE
1205 335 1392 370 L'EGLISE
1415 340 1626 371 ROMAINE.
2136 339 2176 370 79

114 406 241 442 Spiritus
256 407 364 439 sancti.
379 415 473 433 amen.
491 406 534 434 De
550 415 626 434 anno
641 407 848 434 incarnationis
864 406 1006 434 dominice
1022 406 1087 432 mil-

115 456 217 483 lesimo
239 456 528 490 quadringentesimo
552 456 769 491 septuagesimo
791 460 908 489 octavo¹
932 454 1087 482 indictione

115 504 282 535 undecima,
299 504 346 531 die
361 512 430 531 vero
447 504 586 538 vigesima
610 505 720 531 mensis
742 504 884 535 octobris,
903 503 1088 539 pontificatus

113 552 292 579 sanctissimi
309 553 336 579 in
353 551 469 579 Christo
488 552 577 587 patris
592 556 621 579 et
641 552 750 579 domini
772 552 862 579 nostri
883 552 993 579 domini
1013 548 1088 579 sixti

114 600 212 627 divina
234 600 414 635 providentia
439 609 512 636 papa
536 600 594 627 1111
615 609 691 627 anno
715 604 831 631 octavo,
855 600 884 626 in
906 601 961 627 mei
985 601 1088 627 notarii

113 653 143 676 et
166 650 284 676 testium
304 649 556 684 infrascriptorum
577 653 606 676 et
626 649 858 681 subscriptorum
882 649 917 675 ad
941 649 1038 676 omnia
1059 652 1088 676 et

115 698 230 732 singula
259 698 510 732 infrascriptorum
539 701 706 724 vocatorum
729 698 893 732 specialiter
917 701 946 724 et
970 702 1088 732 rogato-

116 755 181 774 rum
207 747 369 780 presentia,
396 745 594 773 illustrissima
619 746 735 773 domina
758 745 912 773 Catherina
942 746 1088 780 quondam

113 795 199 821 ducis
224 794 363 829 Stephani
389 794 463 826 filia,
490 794 590 828 regina
616 793 730 827 Bosne,
759 802 837 820 nunc
861 794 890 820 in
916 795 990 821 alma
1017 795 1088 821 urbe

114 844 144 870 in
162 843 280 876 regione
296 841 386 868 Pinee
408 843 437 869 in
459 842 544 868 domo
565 850 618 869 sue
633 842 717 869 solite
733 842 918 869 habitationis
934 850 1021 877 prope
1037 850 1088 869 ec-

113 891 234 918 clesiam
258 891 352 917 sancti
378 889 469 917 Marci
493 890 529 916 de
556 890 636 917 Urbe
661 891 834 921 constituta,
859 899 928 925 egra
952 898 1087 924 corpore,

115 948 185 966 sana
199 943 293 966 tamen
310 943 340 965 ct.
351 947 472 974 compos
488 942 593 971 mente,
608 939 704 965 animo
719 939 840 965 volvens
854 939 931 973 quod
947 939 1089 966 immensa

115 988 212 1015 divine
223 989 383 1022 majestatis
397 988 551 1014 clementia
568 992 599 1015 ut
611 996 644 1014 eo
660 987 784 1022 amplius
801 988 908 1014 bonum
924 992 952 1014 et
967 988 1088 1022 gratiam

114 1045 197 1064 suam
219 1036 379 1063 effunderet
401 1040 430 1063 et
446 1037 594 1071 lapsorum
611 1036 740 1063 ordinem
757 1036 927 1070 angelorum
943 1040 1088 1071 repararet

115 1085 261 1112 hominem
283 1084 338 1112 sibi
359 1085 482 1111 similem
503 1093 559 1112 non
579 1085 746 1112 subiturum
762 1085 878 1111 morbos
893 1089 922 1111 et
937 1086 1090 1119 angustias

117 1142 170 1161 nec
187 1133 249 1160 dire
266 1134 366 1160 mortis
381 1134 546 1160 inevitabile
562 1134 740 1168 periculum,
756 1133 808 1160 sed
823 1134 914 1168 gratie
930 1142 983 1160 sue
1001 1134 1090 1168 parti-

115 1182 208 1217 cipem
223 1186 252 1209 et
266 1186 364 1209 eterne
376 1182 435 1208 vite
451 1183 580 1209 futurum
595 1182 730 1209 heredem
742 1181 777 1208 de
793 1182 860 1208 limo
873 1186 948 1208 terre
963 1183 1088 1214 creavit;

116 1232 341 1265 superveniente
361 1235 455 1257 tamen
473 1231 567 1257 hostis
581 1231 692 1265 antiqui
708 1231 878 1265 sugestione
895 1231 1088 1265 nequissima,

117 1287 195 1306 mors
214 1283 260 1305 est
283 1279 391 1305 indicta
413 1279 534 1311 homini,
557 1287 614 1313 que
631 1283 676 1305 est
691 1279 882 1313 imposterum
905 1280 1089 1314 postmodum

117 1329 255 1354 derivata.
273 1327 394 1362 Propter
415 1327 492 1362 quod
514 1331 628 1362 oportet
649 1328 794 1354 hominem
818 1336 884 1354 esse
905 1328 1036 1362 vigilem,
1055 1336 1090 1354 ne

115 1384 183 1403 cum
199 1376 310 1402 venerit
325 1376 372 1402 illa
386 1375 449 1402 dies
464 1384 520 1410 que
542 1376 657 1410 penitus
681 1380 725 1402 est
746 1377 854 1402 incerta
874 1384 941 1402 eum
963 1376 1090 1403 inveniat

117 1425 305 1452 dormientem
323 1425 412 1451 veluti
427 1425 532 1451 animal
548 1425 665 1451 brutum
677 1425 752 1459 quo-l
768 1425 804 1451 ob
817 1425 936 1452 rationis
946 1425 1090 1452 defectum

117 1482 171 1501 sue
187 1475 286 1508 nequit
301 1473 385 1500 saluti
403 1474 573 1505 consulere,
591 1478 619 1500 et
635 1482 668 1500 eo
683 1474 808 1509 amplius
823 1474 898 1508 quod
915 1474 978 1501 dies
994 1475 1092 1501 homi-

117 1523 164 1549 nis
187 1526 300 1549 constat
322 1530 388 1548 esse
412 1522 602 1548 brevissimos
626 1526 655 1548 et
677 1527 823 1556 tamquam
847 1523 946 1549 umbra
967 1523 1091 1557 quedam

117 1574 328 1606 pretereuntes.
347 1570 529 1606 Quapropter
548 1571 594 1605 pia
615 1574 710 1597 mente
730 1575 758 1597 et
777 1570 872 1597 animo
888 1571 1044 1598 deliberato
1058 1580 1092 1599 ac

117 1623 230 1646 maturo
246 1619 332 1645 ducta
351 1619 489 1652 consilio,
506 1619 666 1653 volensque
687 1619 755 1645 dum
777 1620 847 1645 ratio
871 1619 944 1653 regit
965 1624 1091 1646 mentem

117 1671 147 1695 et
161 1668 239 1702 viget
257 1667 287 1693 in
307 1667 355 1694 sui
370 1667 502 1702 corporis
517 1667 656 1694 membris
670 1667 754 1702 quies
769 1666 804 1693 de
820 1676 874 1694 suo
891 1676 981 1702 regno
995 1668 1092 1695 Bosne

116 1715 228 1751 prefato
249 1723 282 1742 ac
302 1715 422 1750 juribus
443 1715 574 1749 ejusdem
596 1717 759 1749 ceterisque
781 1716 864 1742 bonis
885 1717 1092 1751 temporalibus

117 1763 174 1790 sibi
189 1772 207 1790 a
221 1763 282 1789 Deo
304 1763 416 1789 collatis
436 1763 591 1789 salubriter
611 1763 744 1789 ordinare
764 1763 900 1790 omnibus
925 1765 1092 1791 melioribus

118 1812 213 1843 modo,
230 1812 289 1842 via,
303 1813 381 1846 jure,
399 1820 486 1838 causa
503 1816 531 1838 et
545 1812 646 1843 forma,
663 1811 770 1846 quibus
786 1812 889 1838 melius
905 1816 932 1838 et
948 1812 1092 1839 efficacius

119 1861 213 1895 potuit
235 1863 263 1886 et
285 1863 394 1894 potest,
412 1868 500 1886 suum
523 1868 644 1894 presens
666 1864 865 1894 nuncupatum
888 1864 1093 1888 testamentum

118 1917 172 1936 seu
184 1909 312 1936 ultimam
324 1909 454 1935 condidit
467 1909 552 1935 modo
563 1909 748 1944 infrascripto
760 1909 936 1935 voluntatem
949 1919 954 1941 ;
967 1918 1053 1944 quam
1065 1914 1093 1936 et

117 1957 196 1992 quod
211 1957 306 1984 valere
317 1957 407 1984 voluit
421 1961 449 1983 et
466 1961 565 1984 tenere
576 1959 645 1992 jure
657 1958 822 1983 testamenti
834 1967 840 1988 ς
854 1962 881 1983 et
892 1958 917 1984 si
928 1959 994 1992 jure
1005 1963 1094 1985 testa-

119 2006 209 2032 menti
230 2014 286 2032 non
308 2006 429 2034 valeret.
448 2006 558 2032 ratione
582 2006 777 2040 pretet-itionis
796 2006 841 2032 vel
855 2006 974 2032 alterius
990 2008 1093 2041 cujus-

119 2062 245 2088 cumque
261 2053 453 2080 solemnitatis
468 2054 667 2085 obmissionis‚
681 2054 769 2080 voluit
785 2057 814 2080 et
829 2054 887 2080 vult
902 2054 994 2089 ipsam
1010 2063 1093 2081 suam

119 2103 247 2129 ultimam
263 2103 438 2128 voluntatem
453 2103 548 2128 valere
559 2103 626 2136 jure
641 2102 849 2132 codicillorum,
862 2110 914 2128 seu
929 2102 1094 2130 donationis

118 2159 208 2178 causa
223 2151 324 2177 mortis
339 2155 388 2177 aut
403 2152 479 2177 inter
494 2152 587 2183 vivos,
601 2155 630 2177 et
645 2155 780 2184 tanquam
794 2152 861 2184 jure
879 2151 976 2177 ultime
994 2152 1096 2178 volun-

118 2201 188 2227 tatis
207 2208 265 2234 quo
288 2199 394 2226 melius
416 2200 511 2225 valere
527 2200 632 2234 poterit
652 2204 679 2225 et
698 2203 810 2226 tenere:
827 2207 961 2231 cassans,
980 2200 1095 2226 irritans

118 2251 148 2275 et
161 2248 315 2275 annullans
330 2248 430 2274 eadem
447 2249 545 2282 regina
562 2248 693 2274 testatrix
705 2255 790 2274 omne
800 2247 876 2274 aliud
889 2252 1093 2274 testamentum

119 2304 154 2323 ac
175 2297 258 2322 aliam
284 2304 498 2331 quamcumque
525 2297 653 2322 ultimam
679 2297 855 2322 voluntatem
878 2297 1016 2323 hactenus
1039 2297 1094 2323 sub

121 2345 356 2379 quibuscumque
372 2345 527 2370 verborum
543 2344 684 2370 clausulis
707 2349 736 2370 et
755 2344 946 2378 derogatoriis
967 2353 1016 2378 per
1032 2354 1095 2372 eam

120 2393 228 2420 factum
244 2401 296 2419 seu
314 2393 428 2419 factam.
444 2392 556 2419 Volens
574 2398 639 2419 ante
658 2393 754 2418 omnia
770 2393 847 2426 quod
865 2401 880 2419 a
896 2393 1096 2427 spiritualibus

120 2442 175 2469 hoc
191 2450 312 2476 presens
328 2450 415 2468 suum
433 2446 638 2468 testamentum
655 2446 784 2468 sumeret
797 2442 958 2472 exordium,
969 2443 1095 2469 animam

120 2499 203 2518 suam
219 2490 409 2525 omnipotenti
424 2490 495 2522 Deo,
508 2491 588 2516 beate
604 2490 692 2516 Μαι-ἦε
709 2491 812 2524 virgini
828 2494 856 2516 et
874 2490 956 2516 beato
971 2490 1096 2517 Johanni

121 2539 300 2573 evangeliste
321 2547 354 2566 ac
374 2539 510 2565 omnibus
531 2539 640 2565 sanctis
660 2538 741 2564 curie
765 2539 926 2572 supernalis
949 2546 1098 2565 commen-

121 2587 209 2614 davit.
227 2587 261 2614 Et
272 2589 297 2614 si
312 2596 374 2614 eam
391 2587 426 2613 de
442 2587 608 2614 infirmitate
624 2595 680 2620 qua
697 2587 804 2613 laborat
820 2586 855 2612 de
873 2587 999 2621 presenti
1016 2592 1096 2614 trau-

121 2637 180 2664 sire
195 2637 344 2669 contingat
359 2645 395 2662 ex
413 2637 466 2662 hac
481 2636 557 2667 luce,
570 2636 683 2670 corpori
696 2643 750 2662 suo
762 2636 849 2669 elegit
863 2640 890 2661 et
903 2635 983 2669 eligit
998 2636 1097 2670 sepul-

121 2689 214 2712 turam
234 2685 262 2710 iu
278 2685 402 2711 ecclesia
418 2688 518 2710 sancte
535 2683 624 2710 Mai-ie
639 2683 674 2710 de
690 2683 807 2710 Araceli
825 2683 872 2709 ubi
889 2684 978 2710 voluit
994 2688 1021 2710 et
1038 2685 1098 2710 vult

122 2733 239 2768 sepeliri
251 2734 272 2760 ¹.
297 2731 419 2759 Domum
436 2733 532 2758 animo
549 2732 669 2758 volvens
681 2731 758 2766 quod
775 2731 840 2757 licet
857 2739 907 2765 per
920 2732 1098 2758 immanissi-

1204 414 1282 432 mum
1303 406 1460 433 christiane
1482 406 1639 441 relligionis
1659 407 1772 433 hostem
1787 406 1914 433 Turcum
1934 407 2084 434 retroactis
2100 410 2177 434 tem-

1204 455 1324 490 poribus
1348 455 1383 481 de
1407 455 1481 482 t'acto
1504 459 1533 482 et
1558 464 1607 490 per
1627 457 1806 491 tyrannidem
1833 457 1940 491 prefato
1966 465 2055 492 regno
2076 456 2175 484 Bosne

1205 502 1288 537 pulsa
1304 506 1332 529 et
1346 503 1467 537 spoliata
1481 504 1532 534 sit,
1552 508 1701 539 propterea
1721 509 1816 531 tamen
1834 506 1883 539 jus
1902 506 1983 540 regni
2000 505 2100 540 prefati
2118 513 2174 532 non

1204 551 1301 577 amisit
1332 559 1385 578 nec
1414 553 1535 585 amittit,
1560 553 1636 587 quod
1660 557 1772 588 spectat
1802 554 1836 580 ad
1862 562 1924 580 eam
1951 558 2066 589 propter
2093 554 2176 581 inca-

1205 600 1357 633 pacitatem
1384 604 1412 626 et
1441 600 1647 628 inhabilitatem
1676 602 1798 628 filiorum
1829 610 1950 629 suorum
1980 602 2176 636 legitimorum

1205 651 1234 673 et
1255 648 1427 674 naturalium
1446 653 1474 674 et
1495 649 1683 676 iliusmssimi
1708 651 1784 684 regis
1800 650 1910 677 Thome
1928 652 2077 677 memorati
2094 651 2175 685 regni

1205 695 1303 722 Bosne
1311 704 1346 722 ex
1357 696 1547 731 proffessione
1559 697 1754 724 Macometane
1766 703 1844 725 secte
1853 703 2039 728 contractam.
2052 699 2176 726 habens-

1205 752 1261 778 que
1281 744 1415 771 fiduciam
1438 745 1466 771 in
1489 745 1612 772 Domino
1633 748 1681 781 qui
1706 747 1814 774 nullum
1838 747 1994 774 violentum
2017 748 2086 775 sinit
2107 756 2175 775 esse

1206 796 1376 827 perpetuum
1393 794 1469 827 quod
1487 795 1626 828 prefatum
1640 803 1760 830 regnum
1772 795 1923 830 aliquando
1934 797 1970 823 de
1982 805 2066 823 manu
2077 800 2176 831 tyran-

1205 841 1270 867 nica
1285 846 1313 867 et
1330 841 1426 868 hostili
1443 842 1557 869 excidet
1571 847 1599 869 et
1614 847 1759 870 evertetur
1771 845 1805 870 ab
1821 852 1853 870 ea
1867 848 1896 870 et
1908 845 2064 872 christiane
2080 846 2176 880 subij-

1205 889 1298 915 cietur
1311 889 1441 922 dictioni,
1455 890 1554 917 volens
1566 894 1715 925 propterea
1728 892 1828 918 incolis
1842 893 1923 926 regni
1936 893 2035 927 prefati
2046 897 2075 919 et
2087 901 2176 928 regno

1205 938 1358 964 consulere
1376 947 1409 964 ne
1424 938 1457 964 ad
1476 947 1579 965 manus
1595 940 1689 966 veniat
1704 940 1863 974 aliquorum
1881 942 1990 968 nullum
2008 941 2175 968 habentium

1202 987 1253 1020 jus
1267 986 1294 1012 in
1307 994 1406 1019 regno,
1422 986 1473 1012 sed
1486 987 1738 1021 suumjuridicum
1750 992 1777 1014 et
1793 989 1953 1023 legitimum
1966 990 2088 1016 habeant
2100 990 2175 1025 regi-

1207 1043 1282 1068 men,
1299 1036 1408 1070 prefata
1420 1036 1518 1070 regina
1533 1044 1567 1062 ex
1585 1037 1735 1071 premissis
1749 1042 1776 1063 et
1791 1038 1962 1071 quibusdam
1974 1038 2036 1065 aliis
2051 1040 2178 1066 rationa-

1205 1083 1313 1110 bilibus
1327 1084 1424 1111 causis
1438 1084 1567 1111 animum
1578 1093 1664 1111 suum
1680 1087 1871 1119 moventibus,
1888 1095 1920 1113 ac
1936 1095 2044 1114 memor
2061 1088 2177 1114 munifi-

1206 1134 1301 1159 centie
1311 1134 1468 1167 gratiarum
1480 1138 1508 1159 et
1522 1134 1727 1160 beneficiorum
1738 1143 1753 1160 a
1765 1133 1795 1160 S.
1809 1134 1844 1161 R.
1856 1135 1888 1161 E.
1899 1140 1927 1162 et
1938 1136 2096 1170 apostolica
2106 1137 2176 1163 sede

1205 1190 1221 1208 a
1236 1181 1320 1208 felice
1335 1186 1363 1208 et
1375 1186 1475 1208 sancta
1489 1183 1627 1209 memoria
1643 1182 1723 1209 Pauli
1741 1192 1811 1217 pape
1827 1183 1854 1209 II
1870 1189 1897 1209 et
1911 1183 1940 1210 S.
1959 1184 1994 1210 D.
2007 1184 2044 1212 N.
2059 1185 2176 1212 domino

1207 1229 1288 1256 Sixto
1306 1239 1377 1265 papa
1393 1230 1450 1257 1111
1466 1231 1645 1261 collatorum¹
1663 1232 1712 1265 qui
1727 1239 1790 1258 eam
1803 1233 1967 1265 gratissima
1983 1233 2177 1268 hospitalitate

1207 1283 1275 1304 sunt
1286 1286 1403 1313 semper
1412 1279 1568 1313 prosecuti,
1580 1279 1778 1306 subveniendo
1789 1280 1880 1306 eidem
1894 1281 2054 1308 secundum
2068 1283 2177 1316 regiam

1206 1326 1377 1360 dignitatem
1401 1328 1545 1362 condigno
1570 1329 1665 1354 annali
1688 1328 1833 1362 stipendio
1858 1334 1885 1355 et
1909 1330 2072 1364 provisione
2098 1331 2178 1357 suffi-

1207 1376 1296 1402 cienti
1319 1384 1370 1410 pro
1389 1375 1451 1403 suis
1468 1377 1706 1409 necessitatibus,
1724 1377 1751 1402 in
1769 1377 1878 1412 prefato
1895 1385 1983 1411 regno
2000 1377 2095 1405 Bosne
2111 1387 2178 1406 cum

1207 1427 1343 1452 omnibus
1352 1431 1380 1453 et
1389 1427 1645 1461 singulisjuribus‚
1658 1427 1851 1462 pertinentiis.
1861 1428 2102 1461 dependentibus,
2113 1438 2180 1456 con-

1207 1475 1291 1500 nexis
1309 1478 1338 1501 et
1352 1476 1475 1501 annexis
1489 1480 1518 1501 et
1534 1475 1633 1510 prefati
1649 1477 1730 1510 regni
1747 1476 1928 1510 civitatibus,
1945 1478 2064 1510 castris,
2083 1479 2177 1511 terris,

1207 1523 1291 1554 villis,
1306 1523 1424 1557 Juribus
1439 1527 1467 1550 et
1478 1523 1733 1557 jurisdictionibus
1749 1532 1781 1550 ac
1799 1525 1859 1551 utili
1878 1528 1906 1551 et
1921 1525 2030 1552 directo
2045 1526 2179 1560 ejusdem

1207 1571 1335 1599 dominio
1359 1576 1572 1598 sacrosanctam
1590 1572 1748 1598 Romanam
1764 1573 1918 1599 ecclesiam
1935 1578 1963 1600 et
1978 1574 2075 1600 sedem
2092 1583 2179 1609 apos-

1208 1620 1321 1646 tolicam
1339 1628 1372 1646 ae
1390 1620 1530 1654 prefatum
1547 1620 1577 1646 S.
1597 1619 1631 1646 D.
1651 1619 1687 1646 N.
1703 1621 1851 1647 dominum
1868 1622 1982 1648 Sixtum
1999 1622 2095 1649 divina
2112 1631 2179 1657 pro-

1208 1667 1336 1694 videntia
1352 1676 1453 1702 papam
1467 1667 1525 1694 1111
1540 1671 1568 1694 et
1582 1676 1654 1694 suos
1670 1676 1860 1695 successores
1875 1670 2012 1696 canonice
2028 1671 2136 1698 clectos
2152 1674 2182 1698 et

1209 1716 1350 1742 intrantes
1367 1717 1545 1743 universales
1561 1716 1682 1742 heredes
1697 1725 1729 1743 ac
1746 1725 1934 1744 successores
1950 1718 2085 1750 instituit,
2097 1727 2182 1754 roga-

1209 1765 1308 1798 vitque
1323 1769 1350 1790 et
1367 1769 1447 1798 rogat
1464 1773 1514 1799 per
1531 1765 1660 1791 solemne
1674 1765 1739 1791 fidei
1756 1767 1945 1793 commissum
1960 1766 2065 1793 dictam
2081 1767 2181 1793 sedem

1209 1813 1396 1846 apostolicam
1419 1821 1451 1838 ac
1476 1813 1615 1846 prefatum
1639 1813 1856 1839 sanctissimum
1878 1813 1914 1840 D.
1930 1814 1967 1841 N.
1985 1819 2011 1840 et
2037 1815 2181 1849 predictos

1210 1869 1400 1887 successores
1429 1861 1618 1895 ejusdemque
1649 1862 1756 1896 prefate
1785 1862 1863 1888 sedis
1889 1854 1956 1889 fidei
1980 1864 2126 1890 commisit
2154 1867 2182 1890 ct

1210 1910 1364 1936 committit
1379 1913 1407 1936 et
1421 1910 1461 1936 ita
1476 1909 1565 1936 voluit
1580 1913 1608 1936 et
1623 1911 1765 1936 ordinavit
1782 1911 1858 1945 quod
1879 1911 1936 1938 tilio
1956 1920 2009 1938 suo
2031 1919 2058 1938 et
2081 1912 2182 1947 prefati

1211 1958 1290 1992 regis
1311 1958 1400 1984 Tome
1425 1958 1568 1992 legittimo
1596 1963 1624 1984 et
1651 1959 1772 1985 naturali
1801 1958 2006 1993 sigismundo,
2035 1960 2075 1993 si,
2105 1960 2182 1995 quod

1212 2006 1294 2033 Deus
1315 2015 1365 2041 per
1380 2007 1519 2032 infinitam
1536 2015 1618 2033 suam
1636 2007 1783 2041 permittat
1799 2007 1997 2040 elementiam,
2014 2016 2050 2034 ex
2066 2008 2183 2035 Macho-

1210 2060 1326 2081 metano
1348 2055 1458 2081 vomitu
1480 2055 1507 2080 in
1529 2063 1586 2089 quo
1602 2054 1681 2088 degit
1703 2054 1738 2080 de
1761 2057 1887 2090 presenti
1908 2056 1942 2082 ad
1960 2064 2055 2082 veram
2073 2055 2184 2083 Christi

1211 2103 1295 2129 fidem
1317 2103 1430 2129 realiter
1450 2107 1478 2129 et
1499 2111 1566 2129 cum
1586 2103 1690 2129 effectu
1713 2107 1880 2134 revertatur,
1901 2104 2040 2138 prefatum
2060 2113 2181 2138 regnum

1212 2156 1239 2178 et
1255 2152 1336 2186 regni
1348 2154 1430 2185 jura,
1447 2151 1574 2177 dominia
1590 2156 1618 2177 et
1630 2151 1860 2185 jurisdictiones,
1881 2152 1989 2186 absque
2004 2152 2183 2179 detractione

1212 2199 1285 2234 legis
1299 2199 1498 2226 Trebelianice
1515 2199 1596 2234 plene
1612 2201 1755 2231 restituat,
1772 2208 1896 2234 eumque
1917 2208 2014 2234 regem
2028 2202 2056 2226 in
2074 2201 2183 2235 prefato

1212 2256 1302 2282 regno
1326 2248 1468 2277 nominet,
1492 2248 1616 2274 intitulet
1639 2253 1668 2274 et
1689 2248 1838 2278 investiat,
1860 2252 1999 2283 quantum
2021 2249 2049 2275 in
2077 2249 2185 2283 prefata

1212 2296 1280 2322 sede
1295 2297 1452 2331 apostolica
1468 2297 1563 2322 fuerit.
1576 2297 1607 2322 Si
1620 2305 1686 2322 vero
1697 2296 1793 2322 dictus
1803 2295 2011 2330 sigismundus
2025 2298 2089 2330 ejus
2106 2297 2184 2324 filius

1213 2345 1247 2370 a·l
1270 2344 1456 2370 christianam
1480 2344 1564 2370 tidem
1590 2353 1645 2371 non
1669 2345 1794 2375 venerit,
1817 2349 1847 2371 ut
1871 2345 2026 2379 prefertur,
2045 2350 2113 2371 tunc
2136 2346 2184 2372 illo

1213 2401 1282 2419 casu
1306 2393 1381 2419 dicta
1403 2393 1599 2419 illustrissima
1619 2393 1734 2418 domina
1756 2393 1853 2427 regina
1877 2394 1965 2419 voluit
1986 2393 2095 2419 dictum
2119 2394 2185 2420 fidei

1214 2441 1402 2467 commissum
1423 2449 1488 2467 esse
1506 2441 1631 2470 nullum.
1648 2442 1759 2467 irritum
1780 2447 1808 2467 et
1832 2441 1931 2473 inane,
1950 2442 2114 2475 nulliusque
2136 2450 2186 2468 ro-

1215 2490 1292 2515 boris
1314 2490 1358 2515 vei
1379 2490 1532 2520 momenti.
1556 2498 1589 2515 ac
1609 2490 1633 2515 si
1658 2490 1764 2516 factum
1788 2498 1843 2515 non
1866 2490 1979 2517 fuisset.
2005 2490 2061 2516 Sea
2085 2492 2112 2516 in
2136 2491 2186 2517 tali

1215 2545 1284 2564 casu
1306 2538 1409 2564 iterum
1431 2538 1542 2572 rogavit
1562 2542 1589 2563 ct
1611 2542 1693 2572 rogat
1713 2538 1818 2564 dictam
1835 2538 1933 2564 sedem
1953 2539 2142 2572 apostolicam
2157 2542 2186 2565 et

1216 2586 1246 2612 S.
1261 2586 1296 2612 D.
1309 2586 1344 2612 N.
1362 2591 1390 2612 et
1404 2594 1474 2612 suos
1490 2594 1678 2613 successores
1696 2586 1830 2620 prefatos,
1844 2593 1871 2612 et
1887 2588 1952 2620 ejus
1965 2595 1998 2613 ac
2010 2588 2186 2621 prefatorum

1214 2634 1282 2661 fidei
1300 2635 1454 2661 committit
1469 2635 1545 2668 quod
1562 2635 1586 2661 si
1603 2635 1659 2661 filia
1674 2636 1739 2669 ejus
1754 2634 1917 2667 catherina,
1932 2643 1988 2669 que
2002 2635 2137 2662 similiter
2151 2636 2187 2662 de

1214 2684 1342 2718 presenti
1359 2683 1610 2710 Machometanum
1633 2684 1772 2709 vomitum
1789 2683 1931 2717 sequitur,
1949 2688 2107 2710 revertatur
2123 2692 2188 2710 rea·

1214 2732 1280 2758 liter
1294 2737 1321 2758 et
1342 2740 1410 2758 cum
1431 2731 1534 2758 effectu
1557 2731 1592 2757 ad
1614 2736 1744 2758 sanctam
1766 2731 1953 2757 christianam
1975 2731 2074 2763 fidem,
2092 2732 2188 2758 eidem

123 2878 149 2904 1.
168 2877 209 2904 Le
223 2877 357 2904 tombeau
378 2885 411 2903 se
432 2877 492 2903 voit
511 2884 617 2903 encore
637 2876 708 2902 dans
731 2876 839 2910 l'eglise
861 2875 1006 2902 d'Araceli
1028 2884 1098 2903 avec

86 2925 240 2960 i’epitaphe
253 2935 260 2951 :
278 2925 309 2952 D.
328 2925 359 2951 0.
375 2925 412 2951 M.
428 2925 599 2952 Gatharinae
614 2925 724 2958 reginae
740 2925 879 2956 Bosnensi,
891 2924 1027 2958 Stephani
1041 2925 1098 2951 du-

84 2975 125 3001 cis
143 2975 220 3000 santi
233 2973 336 3001 Sabbae
354 2975 448 3000 sorori
464 2976 489 2999 et
509 2980 604 3006 genere
620 2973 717 2999 Helene
739 2975 762 2998 et
783 2973 862 2999 domo
881 2974 1021 3006 principis
1037 2973 1097 3000 See-

1177 2876 1267 2910 phani
1292 2879 1388 2907 natae,
1414 2876 1435 2902 T
1434 2876 1530 2902 homae
1555 2878 1626 2909 rrqis
1649 2877 1750 2902 Bosnae
1776 2877 1857 2902 υτον-ι’
1879 2878 2015 2909 quantum
2043 2878 2110 2902 risit
2134 2884 2189 2902 αη-

1181 2933 1281 2951 norum
1299 2925 1371 2951 LIII!
1390 2928 1414 2950 et
1436 2925 1599 2950 obdormirit
1616 2925 1711 2951 Itomae
1732 2932 1806 2950 anno
1821 2924 1932 2950 Domini
1945 2924 2189 2958 JICCCCLHVIII,

1179 2973 1223 2999 die
1237 2972 1302 3000 HV
1314 2973 1427 2999 octobris
1443 2976 1651 2999 monumentum
1668 2974 1754 3006 ipsius
1768 2973 1877 3006 scriptis
1889 2974 2021 3005 posz'tum.
