2455 3560
628 349 676 378 LE
700 348 844 378 LIBER
866 347 1098 378 CENSUUM
1123 346 1176 376 DE
1199 337 1385 376 L‘EGLISE
1410 346 1616 377 ROMAINE.
2126 348 2158 377 21

122 420 240 454 queute
257 421 286 445 et
299 415 430 445 demum
446 415 569 445 Cesaris
585 419 716 452 urgente
731 415 885 453 nequitia,
903 423 997 453 quem
1013 413 1084 443 dira

123 470 300 500 concitabat
333 469 510 503 barbaries,
541 468 718 498 Marchiam
748 468 986 498 Anconitauam
1011 468 1083 506 jure

122 523 259 553 dominii
285 533 338 561 per
365 523 540 552 Romanam
566 521 733 551 ecclesiam
759 521 891 559 antiqua
917 520 1084 550 traditione

123 585 298 615 possessam
325 585 388 606 nou
421 576 529 605 minus
562 575 708 613 nequiter
736 583 831 612 quam
862 578 1004 612 potenter
1033 574 1082 602 iu-

124 639 267 668 gressuS,
297 630 438 659 Montem
463 629 501 658 de
527 628 636 664 Ulmo,
663 629 852 657 Macer-atam
878 632 907 656 et
932 626 1082 665 quasdam

123 682 312 721 aliasipsius
322 681 601 720 provincieterras,
615 681 791 710 incolarum
805 680 927 709 volente
941 679 1082 718 perfidia,

123 736 300 774 occupavit.
321 734 512 764 Patrimouii
529 733 644 772 reliqui
663 739 692 762 et
709 734 848 762 Ducatus
864 732 972 762 fideles
986 733 1085 770 pretio

124 797 329 826 corrumpere
345 787 476 817 molitus
493 792 522 816 et
539 787 666 823 fraude,
684 786 768 816 idem
787 786 973 825 Raynaldus
990 785 1084 815 etiam

126 841 308 877 Perusinis,
327 841 410 870 iuter
429 848 510 879 quos
532 844 609 869 tunc
630 840 776 869 Romana
790 839 923 876 degebat
939 837 1083 872 ecclesia,

127 898 160 924 ut
181 894 277 932 patris
301 894 459 932 presentia
477 893 599 923 cautela
620 893 768 922 existeret
792 892 964 928 fili01·um¹‚
989 900 1084 929 gran-

125 946 197 976 dem
211 946 326 985 optulit
341 955 512 976 munerum
529 946 752 984 quantitatem.

165 1000 194 1029 9.
224 1016 262 1021 —-
293 1000 383 1029 Tunc
409 1003 515 1028 autem
548 999 658 1028 beatus
689 999 874 1028 Frauciscus
902 998 936 1027 in
962 998 1087 1027 civitate

127 1053 246 1092 Asysii,
270 1053 360 1092 quasi
390 1061 510 1083 novum
537 1052 636 1091 sydus
662 1052 694 1081 in
724 1052 861 1081 Ecclesie
885 1052 1087 1081 firmamento

127 1106 356 1136 miraculorum
373 1105 516 1135 claritate
529 1105 685 1143 sulgebat3
703 1105 821 1143 quibus
834 1114 887 1142 per
898 1104 1086 1142 diligentem

127 1159 349 1198 inquisitionis
372 1159 559 1196 indaginem
578 1168 612 1187 ex
632 1158 769 1187 veridica
792 1158 914 1186 testium
936 1157 1089 1187 relatione

127 1212 275 1251 probatis,
294 1211 515 1242 sanctissimus
530 1220 607 1250 papa
622 1211 795 1248 Gregorius
808 1211 846 1239 de
865 1211 995 1239 fratrum
1013 1219 1089 1240 cou-

128 1265 202 1296 silio
215 1266 517 1305 perrexitAsisium,
530 1265 583 1294 ubi
595 1269 706 1303 quarto
717 1273 817 1294 nouas
827 1264 1091 1299 octob1·is²‚anno

128 1319 177 1348 sui
188 1318 369 1358 presulatus
381 1318 530 1354 secundo,
544 1326 615 1347 eum
631 1317 863 1347 venerabilium
876 1317 1090 1347 cardinalium

129 1377 160 1402 et
176 1372 368 1411 prelatorum
384 1372 509 1401 diverso
524 1371 674 1408 collegio„
692 1370 838 1409 pretiosis
854 1375 1001 1406 ornatus,
1018 1380 1090 1400 cnm

131 1425 246 1464 palmis
267 1431 296 1454 et
315 1425 428 1459 cereis,
450 1424 489 1454 de
510 1424 623 1454 mundi
648 1423 790 1462 partibus
810 1423 1017 1453 multitudine
1038 1433 1090 1462 po-

132 1478 196 1518 puli
223 1483 431 1516 congregata,
458 1483 526 1516 post
552 1478 709 1507 sermonis
733 1477 881 1516 profundi
907 1477 1090 1513 decursum,

129 1533 222 1570 cujus
244 1531 303 1561 tale
327 1531 464 1570 sumpsit
487 1530 652 1560 exordium
676 1539 682 1560 :
712 1532 803 1565 Quasi
827 1532 913 1559 stella
935 1531 969 1560 in
996 1532 1092 1560 medio

132 1586 234 1615 nebule
252 1591 277 1614 et
293 1586 382 1622 quasi
396 1586 438 1613 sol
456 1586 554 1614 lucens
571 1585 603 1613 in
620 1585 722 1612 diebus
736 1585 811 1619 suis,
830 1584 870 1613 sic
888 1585 940 1612 isle
957 1585 1043 1620 fulsit
1060 1585 1094 1613 in

131 1639 218 1668 domo
237 1639 372 1672 Domini,
393 1642 460 1675 post
475 1637 631 1666 miracula
654 1637 780 1666 recitata
803 1641 831 1665 et
855 1636 1026 1674 prudenter
1042 1646 1093 1666 ex-

133 1692 249 1729 posita,
273 1690 379 1729 presul
402 1690 606 1720 beatissimus
630 1690 766 1728 profusis
790 1689 944 1728 lacrymis
966 1690 1094 1719 beatum

134 1745 339 1774 Franciscum
357 1743 510 1773 Crucifixi
532 1743 732 1778 ministrum,
750 1743 842 1780 cujus
858 1742 950 1772 corde
971 1751 1006 1772 ac
1027 1751 1094 1771 cor-

134 1805 206 1836 pore
218 1797 403 1834 stigmatum
417 1796 550 1834 portavit
562 1795 706 1832 vestigia,
716 1795 855 1824 decrevit
867 1795 899 1824 in
912 1800 1095 1825 sanctorum

132 1850 292 1888 catalogo³
308 1849 542 1884 annotandum,
559 1857 595 1878 ac
612 1852 680 1887 post
703 1848 844 1877 triduum
863 1848 1031 1877 Perusium
1051 1852 1097 1877 est

134 1911 290 1933 reversus.

176 1955 222 1985 10.
245 1973 282 1976 —
304 1955 422 1985 Eodem
447 1959 587 1993 tempore
611 1954 771 1984 Corradus
797 1953 989 1989 Guzinardi‚
1011 1955 1096 1993 eJ'us-

133 2009 205 2039 dem
229 2008 430 2047 imperatoris
447 2008 592 2042 nuntius,
611 2016 707 2036 manu
729 2007 831 2036 valida
853 2007 968 2036 vallem
986 2007 1095 2045 Spole-

137 2068 242 2091 tanam
260 2062 440 2099 ingressus,
460 2061 594 2090 intravit
609 2061 678 2090 sine
697 2061 807 2089 mora‘
826 2059 999 2097 Fulginum
1018 2060 1097 2090 civi-

137 2119 230 2144 tatem
247 2114 481 2153 apostatricem,
499 2113 709 2152 primordium
727 2113 894 2148 scismatis,
907 2113 1097 2151 proditionis

137 2166 348 2205 plantarium,
370 2166 464 2195 totius
491 2164 691 2194 infidelitatis
717 2164 899 2194 detestande
925 2164 1095 2194 sentinam.

135 2220 205 2256 Quo
223 2219 349 2249 tandem
367 2228 422 2257 per
440 2217 591 2248 vassallos
607 2217 746 2247 Ecclesie
760 2217 870 2246 invitis
885 2217 1098 2255 proditoribus

138 2272 356 2310 ignominiose
378 2271 513 2310 dejecto,
537 2270 753 2308 corruptibilis
777 2270 910 2308 populus
933 2270 973 2300 ad
995 2270 1098 2300 fideli-

139 2330 233 2356 tatem
251 2326 360 2355 matris
377 2325 532 2359 Ecclesie,
551 2324 577 2353 si
596 2324 670 2353 fidei
692 2323 783 2353 titulo
804 2323 894 2361 digni
913 2327 1001 2360 suut,
1019 2323 1098 2353 reei—

138 2379 212 2409 divo
232 2379 413 2418 juramento
436 2378 564 2416 prestito
585 2376 761 2406 redierunt.
786 2375 967 2406 Sevientem
991 2376 1099 2415 utique

137 2578 161 2605 t.
179 2577 234 2604 Les
250 2581 324 2603 mots
341 2579 370 2602 ut
384 2576 617 2610 patris-filiorum
634 2582 668 2600 ne
682 2577 748 2600 sont
762 2582 812 2609 pas
827 2575 842 2599 a
859 2574 919 2600 leur
935 2575 1012 2608 place
1028 2574 1100 2600 dans

100 2628 126 2654 le
147 2626 328 2654 manuscrit:
347 2625 380 2651 ils
399 2633 418 2659 y
442 2624 566 2658 figurent
587 2624 671 2658 apres
694 2623 805 2650 molitus
827 2625 851 2648 et
871 2623 981 2655 fraude.
997 2622 1035 2649 lls
1057 2631 1100 2649 re-

101 2678 267 2712 presentent
284 2682 338 2700 une
355 2673 525 2708 explication
543 2672 681 2698 benevole
696 2671 733 2697 du
748 2672 846 2705 sejour
857 2670 892 2697 de
903 2670 1041 2705 Gregoire
1056 2670 1100 2697 IX

99 2727 116 2752 a
132 2724 270 2752 Pet-ouse.
289 2723 311 2750 Il
326 2731 344 2758 y
359 2727 434 2749 resta
450 2722 486 2748 du
506 2722 536 2749 13
549 2721 614 2756 juin
634 2720 699 2748 1128
712 2720 849 2755 jusqu’au
862 2720 1009 2746 ‘22fev1-ie1-
1024 2720 1099 2753 1130,

102 2774 197 2801 moins
213 2781 284 2808 pour
299 2771 430 2798 soutenir
448 2771 473 2796 la
493 2770 598 2797 fidelite
613 2769 664 2795 des
682 2768 823 2803 Pei-ugias
839 2776 894 2803 que
911 2777 981 2803 pour
999 2777 1032 2794 ne
1051 2777 1100 2803 pas

101 2824 162 2850 eti-e
177 2830 211 2849 eu
228 2821 308 2848 butte
325 2822 337 2846 a
355 2819 498 2846 l'nostilite
513 2819 564 2845 des
580 2817 730 2844 Romains.

137 2872 163 2898 ⁸2.
182 2871 314 2898 D'autres
330 2869 500 2895 documents
517 2868 665 2903 indiquent
681 2867 704 2892 le
725 2867 753 2893 16
766 2865 871 2900 juillet.

137 2922 163 2948 3.
183 2920 240 2946 Mot
259 2918 375 2945 d'abord
396 2917 480 2950 omis,
504 2917 567 2942 bien
588 2915 676 2950 qu’un
701 2916 781 2941 blanc
802 2916 840 2941 ait
863 2916 907 2940 ete
928 2915 1012 2941 laissc
1033 2917 1048 2941 a
1071 2923 1102 2942 sa

103 2971 199 3006 place;
218 2969 235 2995 il
252 2978 265 2993 a
283 2970 326 2994 ete
343 2966 440 2993 retabli
458 2974 491 2991 en
509 2973 618 2999 mai-ge.

139 3019 163 3045 ⁴.
181 3018 242 3044 eod.
261 3022 357 3043 matre.

1208 412 1366 452 Raynaldi
1386 418 1415 441 et
1432 419 1667 451 precone-eptam
1682 414 1857 452 nequitiam
1871 415 1966 451 gestis
1977 414 2164 444 durioribus

1207 469 1447 503 prosequentem
1460 473 1494 493 ac
1509 466 1617 494 iterata
1631 465 1806 495 monitione
1821 466 1971 504 premissa
1990 466 2163 495 Mai-chiam

1206 517 1291 547 exire
1311 516 1487 552 nolentem,
1509 517 1644 547 Ecclesie
1665 519 1809 556 princeps
1829 519 2040 548 anathematis
2057 518 2162 556 gladio

1206 570 1245 599 de
1265 570 1347 599 Petri
1369 570 1555 600 auctoritate
1579 572 1740 609 percussit.
1760 572 1877 600 Verum
1898 572 1974 610 quia
1993 582 2048 601 nec
2070 573 2163 611 spiri-

1208 622 1300 651 tualis
1313 622 1547 652 animadversio
1561 623 1656 660 gladii
1672 625 1823 662 corripuit
1839 624 2091 662 delinquentem,
2111 635 2164 655 ne-

1208 675 1352 704 cessitate
1370 675 1511 704 devirtus
1534 676 1735 713 temporalem
1759 678 1881 706 curarit
1899 678 1982 706 Petri
2005 687 2166 707 successor

1208 728 1350 765 gladium
1373 738 1500 757 exerere
1513 730 1535 765 ¹,
1556 730 1608 767 qui
1625 739 1642 758 a
1661 730 1797 760 Domino
1815 740 1945 768 passuro
1961 736 2112 769 querente
2128 732 2166 761 de

1208 780 1325 818 gladiis
1338 781 1454 819 recepit
1467 783 1630 820 utriusque
1642 782 1739 819 gladii
1754 787 1945 821 potestatem.
1961 784 2047 812 Idem
2059 789 2164 813 autem

1209 834 1370 872 copiosum
1414 835 1588 863 exercitum
1629 844 1682 873 per
1719 836 1954 865 honorabilium
1991 836 2165 874 legatorum

1209 887 1369 917 «Iohannis
1400 887 1664 926 =Ie1·osolymitani
1696 889 1778 926 regis
1810 889 1959 923 illustriS.
1990 899 2085 928 quem
2115 899 2168 928 per

1210 939 1412 978 imperatoris
1438 940 1511 969 dicti
1538 941 1708 969 versutiam
1734 945 1843 970 eontra
1868 942 2019 979 justitiam
2047 942 2168 980 publice

1211 992 1388 1022 honestatis
1401 993 1440 1022 de
1452 1002 1548 1031 regno
1560 994 1716 1031 dejectum
1733 994 1901 1032 apostolica
1915 995 2002 1024 sedes
2018 996 2049 1024 in
2068 996 2168 1032 gratie

1211 1047 1318 1075 sinum
1345 1051 1525 1084 susceperat
1547 1047 1800 1082 confovendum,
1827 1052 1857 1076 et
1882 1048 2039 1077 Joluinnis
2062 1053 2169 1077 sancte

1213 1098 1363 1128 Praxedis
1392 1099 1567 1137 presbyteri
1595 1099 1768 1129 cardinalis
1797 1100 1890 1129 fidele
1918 1101 2105 1139 obsequium
2134 1101 2168 1130 in

1213 1152 1389 1181 Marchiam
1416 1152 1606 1188 destinavit3
1633 1157 1661 1182 et
1682 1158 1716 1182 ut
1739 1154 1900 1192 impetitus
1921 1164 1938 1182 a
1963 1154 2107 1192 pluribus
2131 1154 2169 1183 ad

1213 1206 1341 1243 singula
1368 1206 1502 1235 debilior
1527 1206 1727 1241 redderetur,
1756 1207 1949 1236 Pandulsnm
1972 1207 2168 1245 capellanum

1213 1260 1281 1297 ejus
1293 1263 1417 1297 experte
1428 1259 1626 1297 providentie
1640 1260 1742 1289 virum
1755 1268 1826 1289 cum
1841 1259 1978 1289 militum
1992 1266 2020 1289 et
2030 1260 2170 1298 peditum

1213 1312 1401 1342 bellatorum
1415 1312 1556 1342 subsidio
1569 1313 1744 1342 transmisit
1756 1313 1788 1341 in
1803 1313 1958 1350 Regnum.
1973 1314 2170 1349 Quicausam

1214 1365 1353 1394 Ecclesie
1366 1365 1488 1394 favente
1500 1365 1622 1403 justitia
1635 1365 1769 1395 fideliter
1780 1369 1993 1403 prosecutus&
2008 1366 2108 1404 primo
2122 1367 2172 1395 sui

1214 1427 1398 1457 progressus
1422 1418 1536 1447 limine
1558 1423 1695 1447 castrum
1711 1418 1819 1447 Insule
1834 1420 2042 1457 conjunctum
2053 1420 2063 1438 ³
2079 1419 2172 1448 Cam-

1214 1472 1306 1509 pauie
1320 1470 1441 1500 finibus
1456 1472 1658 1509 expugnavit.
1676 1471 1745 1508 Quo
1759 1477 1847 1510 capto
1862 1476 2006 1510 prerupta
2024 1477 2174 1502 montana

1215 1524 1426 1554 munitissimi
1445 1525 1632 1554 monasterii
1648 1524 1848 1555 Cassineusis
1865 1526 2054 1562 ascendens⁷
2074 1526 2173 1563 majo-

1217 1586 1282 1607 rem
1296 1577 1505 1616 justitiarium
1528 1583 1557 1607 et
1577 1578 1668 1615 regni
1689 1578 1861 1608 nobiliores
1879 1580 1910 1607 in
1930 1580 2072 1608 Arabum
2091 1579 2174 1608 mul-

1218 1630 1354 1660 titudine
1379 1630 1508 1668 grandi,
1536 1631 1592 1668 qui
1623 1631 1740 1669 potenti
1766 1640 1862 1660 manu
1891 1632 1926 1660 ad
1956 1632 2173 1662 defensionem

1217 1683 1277 1714 loci
1304 1688 1543 1719 concurrerant,
1581 1685 1685 1722 paucis
1712 1685 1884 1714 associatus
1908 1685 2089 1724 judivibus,
2120 1686 2176 1715 Dei

1214 1737 1335 1775 judicio
1366 1736 1529 1765 detinente
1561 1737 1694 1773 devicit,
1720 1742 1821 1767 castro
1855 1738 2086 1767 nichilominus
2118 1739 2176 1768 sibi

1217 1789 1326 1819 eodem
1347 1789 1517 1818 mandante
1530 1790 1701 1826 justitiario
1718 1791 1889 1827 resignato.
1909 1791 1946 1820 Et
1961 1791 2036 1829 quia
2054 1800 2115 1821 non
2133 1797 2179 1820 est

1217 1843 1251 1871 in
1270 1847 1438 1881 conspectu
1457 1843 1586 1872 Domini
1601 1843 1780 1872 differentia
1796 1844 1828 1872 in
1848 1844 1955 1873 multis
1973 1854 2113 1882 pugnare
2129 1844 2177 1874 vel

1219 1896 1342 1935 paucis,
1366 1904 1538 1934 paucorum
1563 1896 1695 1933 vestigio
1722 1896 1959 1926 inaccessibiles
1985 1897 2178 1927 munitiones

1219 1958 1422 1987 expugnans,
1445 1948 1530 1978 infra
1554 1949 1646 1978 breve
1669 1949 1819 1987 temporis
1842 1950 1977 1988 spatium
2001 1959 2099 1988 usque
2117 1950 2176 1980 Ca-

1218 2011 1313 2040 puam
1336 2002 1474 2040 optinuit
1496 2002 1636 2031 civitates
1659 2007 1688 2031 et
1707 2008 1819 2032 castra.
1844 2003 1973 2041 Propter
1998 2004 2082 2041 quod
2106 2013 2176 2041 pre-

1218 2055 1321 2084 dictus
1338 2055 1472 2084 vicarius
1493 2055 1530 2084 de
1555 2055 1694 2084 Mareliia
1714 2056 1867 2092 fugitivus
1885 2056 2053 2090 abscessit.
2074 2056 2178 2085 aliena

1221 2107 1406 2146 relinquens
1420 2111 1454 2136 ut
1467 2108 1593 2146 propria
1609 2107 1792 2137 custodiret.
1811 2108 2016 2138 Advenerant
2031 2110 2126 2138 etiam
2141 2109 2179 2138 de

1220 2161 1348 2190 remotis
1360 2160 1464 2190 Gallie
1480 2160 1621 2199 partibus
1632 2161 1671 2190 ad
1684 2161 1793 2190 matris
1810 2161 1946 2191 Ecclesie
1963 2161 2178 2200 repellendam

1219 2213 1370 2251 injuriam
1384 2213 1488 2243 devoti
1505 2213 1564 2242 filii
1583 2213 1780 2243 venerabiles
1798 2214 2001 2244 Belvacensis
2022 2220 2052 2244 et
2071 2214 2178 2245 Claro-

1220 2266 1394 2295 montensis
1419 2266 1556 2304 episcopi
1583 2265 1678 2306 [cnm]
1705 2266 1803 2296 electa
1832 2268 1946 2296 militia
1970 2267 2177 2305 bellatorum,

1219 2328 1297 2358 quos
1313 2319 1462 2349 domiuus
1483 2328 1560 2358 papa
1584 2320 1707 2349 remisit
1731 2320 1767 2348 ad
1791 2321 1933 2358 propria,
1954 2321 2045 2359 quasi
2063 2321 2179 2351 alienis

1222 2381 1284 2402 nou
1297 2377 1386 2410 egeat
1401 2372 1588 2402 victoriosus
1601 2373 1634 2401 in
1647 2365 1746 2402 suis⁴.
1757 2373 1845 2402 Idem
1858 2379 1963 2403 autem
1977 2374 2180 2404 omnilaudis

1220 2425 1369 2464 preconio
1385 2425 1571 2455 recolendus
1588 2426 1718 2455 antistes
1736 2430 1858 2464 patrum
1877 2431 1975 2455 metas
1991 2426 2180 2457 liberalitate

1220 2486 1416 2516 progressus,
1434 2487 1488 2517 pro
1507 2478 1696 2508 turbationis
1717 2478 1901 2516 hujusmodi
1923 2485 2105 2518 tempestate
2121 2480 2179 2509 tol-

1219 2671 1242 2698 ·1.
1260 2671 1322 2697 0011.
1339 2678 1484 2697 exercere.

1215 2719 1242 2746 2.
1260 2720 1322 2746 Cod.
1339 2723 1539 2754 prosecuntur.

1218 2768 1242 2795 3.
1261 2768 1322 2795 Cod.
1340 2768 1515 2794 convictum.

1217 2817 1244 2844 4.
1260 2816 1339 2843 Cette
1361 2816 1465 2851 phrase
1486 2816 1679 2850 dedaigneuse
1700 2817 1781 2842 serait
1802 2817 1893 2843 croire
1918 2825 1973 2851 que
1994 2818 2036 2844 les
2056 2819 2181 2853 ereques

1182 2865 1217 2892 de
1234 2865 1375 2891 Beauvais
1391 2868 1419 2890 et
1435 2864 1469 2891 de
1488 2864 1633 2891 Olet-mont
1647 2865 1753 2891 etaient
1774 2874 1864 2891 venus
1885 2875 1954 2892 sans
1974 2867 2033 2892 etre
2052 2868 2178 2901 appeles.

1184 2913 1225 2940 En
1243 2913 1353 2945 realite,
1372 2913 1510 2948 Gregoire
1525 2914 1601 2940 avait
1617 2914 1721 2947 proebe
1738 2915 1762 2939 la
1780 2914 1909 2940 croisade
1923 2921 2021 2941 contre
2038 2914 2179 2948 Frederic,

1184 2967 1213 2989 et
1231 2962 1304 2989 c’est
1325 2970 1394 2988 avec
1416 2962 1457 2988 les
1479 2962 1573 2988 forces
1594 2970 1702 2989 venues
1722 2964 1737 2988 ii
1757 2970 1809 2988 son
1833 2964 1914 2997 appel
1937 2972 1992 2998 que
2014 2964 2054 2989 les
2077 2965 2181 2990 succes

1185 3013 1338 3038 enumeres
1353 3010 1500 3037 ci-dessus
1515 3011 1628 3037 avaient
1643 3013 1688 3037 ete
1703 3014 1872 3046 remportes.
