2455 3560
602 355 651 383 LE
675 354 819 384 LIBER
841 352 1072 384 CENSUUM
1098 352 1151 380 DE
1174 342 1360 381 L’EGLISE
1383 352 1592 384 ROMAINE.
2101 355 2139 386 55

97 423 277 456 compareat
298 419 337 448 ad
359 418 585 449 declarandum
604 425 633 449 et
655 420 914 450 demostrandnm
933 423 961 449 et
981 427 1052 457 pro-

100 471 282 509 ponendum
299 476 329 501 et
345 472 575 510 assignandum
598 473 632 502 in
650 474 772 512 scriptis
788 474 860 511 jura
877 482 934 503 sua
949 482 1054 503 coram

98 524 248 561 magistro
262 523 393 554 Alberto
408 526 561 555 canonico
575 525 683 555 Sancti
702 526 785 555 Petri
803 526 880 556 hinc
895 527 933 556 ad
951 527 1055 556 termi-

100 585 176 606 num
198 581 334 615 quatuor
352 577 478 607 dierum
499 587 554 616 pro
578 579 679 616 primo
700 579 852 616 termino,
873 583 1055 618 recepturus

99 630 239 659 rationes
255 639 345 667 suas;
363 630 507 669 alioquin
525 635 591 669 post
612 631 784 661 terminum
807 632 1055 670 peremptorium

98 683 136 712 de
152 689 255 713 cetero
272 692 333 713 non
352 683 498 713 audietur
512 693 605 722 snper
622 684 770 723 predictis
787 685 880 714 rebus
895 685 933 714 de
948 685 1056 723 aliquo

99 744 157 765 sno
170 737 252 774 jure.

137 788 296 827 Scriptum
318 798 372 828 per
388 798 439 819 me
455 789 586 818 Petrum
605 789 730 828 Piperis
751 790 911 820 notarium
932 799 1056 820 camere

100 841 195 871 Urbis
211 851 246 871 ex
266 842 421 871 relatione
437 842 513 872 dicti
529 842 688 881 preconis.

533 954 580 983 24.

138 1054 197 1083 111ι
218 1056 348 1084 1101111116
372 1055 512 1084 Domini.
539 1056 635 1085 Anno
650 1055 785 1085 Domini
805 1055 978 1086 millesimo
997 1056 1058 1086 du-

98 1108 270 1137 centesimo
285 1108 518 1146 septuagesimo
532 1116 627 1143 nono,
647 1112 785 1147 tempore
798 1109 921 1139 domini
932 1109 1058 1140 Nicolai

100 1160 184 1190 tertii
207 1169 302 1198 pape,
321 1160 496 1190 indictione
515 1161 662 1199 septima,
680 1161 730 1190 die
746 1162 885 1191 XXVIl⁰
901 1163 1004 1201 junii,
1023 1163 1057 1192 in

98 1214 257 1252 presentia
272 1214 395 1244 domini
411 1213 522 1244 Calisti
536 1214 663 1252 judicis,
684 1218 713 1244 et
730 1216 793 1245 mei
810 1215 963 1254 Stephani
979 1216 1058 1245 scri-

100 1267 197 1296 niarii
212 1271 242 1296 et
262 1266 377 1297 horum
401 1267 527 1296 testium
546 1267 584 1296 ad
604 1267 662 1297 hec
683 1268 861 1306 specialiter
876 1273 1059 1298 vocatorum

100 1323 130 1350 et
153 1325 352 1358 rogatorum,
382 1320 575 1350 venerabilis
600 1325 630 1350 et
653 1320 809 1351 discretus
834 1322 882 1350 vir
908 1321 1059 1352 dominus

102 1373 262 1403 Berardus
276 1373 399 1403 domini
416 1382 493 1412 pape
508 1374 718 1410 camerarius,
737 1374 868 1404 nomine
883 1375 985 1414 ipsius
1003 1375 1058 1405 do-

98 1427 181 1456 mini
199 1436 276 1465 pape
299 1432 329 1456 et
350 1427 481 1457 ecclesie
498 1427 642 1457 Romane
659 1428 913 1467 imperpetuum,
933 1439 970 1459 ex
993 1439 1059 1459 una

98 1484 196 1518 parte,
222 1484 252 1508 et
268 1479 433 1518 presbyter
449 1479 664 1518 Apolenarius
686 1485 787 1510 rector
810 1481 940 1511 ecclesie
959 1482 1060 1512 sancti

98 1532 219 1562 Justini
243 1532 282 1562 de
302 1532 430 1562 civitate
454 1532 616 1562 Leoniana
636 1541 691 1572 pro
710 1534 777 1571 ipsa
793 1533 923 1563 ecclesia
941 1538 970 1564 et
991 1535 1059 1572 ejus

100 1585 232 1615 nomine
255 1594 292 1614 ex
316 1589 402 1623 parte
422 1584 538 1621 altera⁷
559 1585 690 1615 comuni
709 1585 877 1615 concordia
894 1590 1003 1625 sponte
1020 1586 1059 1616 ad

100 1637 286 1676 hujusmodi
300 1638 578 1676 permutationem,
590 1647 684 1668 causa
697 1639 833 1676 cognita,
848 1639 1057 1677 devenerunt,

101 1691 184 1730 qnod
201 1691 288 1720 idem
303 1691 468 1730 presbyter
483 1691 649 1727 concessit,
669 1691 754 1720 dedit
765 1692 838 1729 jure
853 1693 1059 1730 permutatio-

100 1745 150 1773 nis
168 1752 204 1773 ac
228 1743 357 1773 tradidit
378 1743 509 1773 domino
527 1744 701 1773 camerario
718 1744 858 1782 predicto
877 1745 915 1774 ad
937 1753 1014 1783 opus
1031 1749 1060 1775 et

101 1797 272 1828 utilitatem
296 1797 377 1827 sacri
399 1797 508 1836 palatii
530 1797 653 1827 domini
670 1806 748 1837 pape
766 1798 925 1836 quoddam
945 1808 1059 1828 vacans

100 1850 277 1880 casalinum
301 1859 395 1889 prope
417 1851 519 1888 ipsam
545 1850 711 1880 ecclesiam
736 1855 766 1880 et
793 1851 851 1881 sub
874 1852 1060 1890 adjacentiis

100 1903 177 1934 dicti
207 1903 317 1942 palatii
353 1904 562 1934 constitutum
576 1927 584 1940 ‚
615 1904 653 1933 ad
687 1904 944 1934 concludendum
978 1905 1059 1935 illud

100 1966 155 1996 pro
170 1961 258 1996 prato
277 1960 307 1987 et
325 1957 567 1986 circumstantia
583 1956 659 1987 dicti
677 1957 784 1995 palatii
800 1958 1057 1997 adcrescend(is),

100 2014 129 2039 et
146 2010 332 2047 tenendum,
352 2010 536 2040 habendum
555 2015 584 2039 et
599 2009 828 2048 possidendum
844 2011 917 2050 jure
933 2011 1059 2049 proprio

100 2067 130 2093 et
155 2063 403 2102 imperpetuum,
431 2063 463 2092 id
484 2067 530 2092 est
556 2063 684 2092 nomine
707 2063 829 2092 domini
856 2072 932 2102 pape
957 2068 987 2093 et
1009 2072 1059 2093 ec-

101 2115 196 2146 clesie
214 2116 358 2146 Romane
373 2115 475 2153 gratia
488 2115 563 2145 dicti
582 2115 707 2153 palatii,
731 2120 759 2145 et
775 2116 927 2154 quicquid
947 2116 1060 2146 exinde

100 2168 236 2199 voluerit
262 2168 460 2205 faciendum,
491 2167 581 2198 nullo
604 2169 676 2206 jure
702 2167 752 2197 vel
777 2169 857 2198 facto
880 2168 985 2199 eidem
1010 2178 1059 2198 ec-

100 2221 194 2252 clesie
209 2221 309 2251 sancti
320 2221 441 2250 Justini
457 2220 658 2259 aliquatenus
671 2225 838 2250 reservato.
855 2221 938 2257 Quia
949 2222 1059 2251 eodem

97 2276 169 2314 Jure
187 2274 429 2313 permutationis
446 2283 537 2303 versa
552 2274 619 2303 vice
635 2274 737 2303 dictus
753 2274 904 2303 dominus
919 2283 1059 2304 camera-

100 2329 168 2358 rius
184 2337 238 2366 pro
254 2332 340 2366 parte
356 2327 479 2357 domini
496 2336 573 2366 pape
589 2331 618 2356 et
629 2327 773 2357 Romane
785 2326 916 2357 ecclesie
930 2328 1060 2358 nomine

101 2391 162 2420 que
181 2382 282 2411 vicem
300 2380 398 2415 dedit,
417 2381 572 2411 concessit
587 2389 622 2410 ac
638 2381 815 2418 assignavit
827 2381 910 2410 dicto
925 2381 1058 2420 presby-

102 2438 167 2464 tero
182 2434 350 2472 recipienti
366 2442 421 2472 pro
439 2433 549 2463 eadem
566 2433 699 2463 ecclesia
717 2434 816 2463 sancti
833 2433 955 2463 Justini
973 2438 1004 2463 et
1021 2434 1060 2464 ad

102 2487 204 2526 ipsius
222 2486 352 2516 ecclesie
369 2495 446 2525 opus
465 2490 495 2516 et
512 2485 679 2516 utilitatem
699 2490 728 2516 et
743 2491 900 2516 rectorum
915 2487 1058 2526 ejusdem

99 2680 123 2705 1.
132 2679 236 2713 27juin
251 2678 327 2705 1279.
336 2693 367 2698 —
379 2678 496 2704 Publiee
506 2686 556 2712 par
567 2677 784 2705 M.Tomassetti
794 2679 962 2712 (Campayna
972 2681 1057 2711 Rom„

63 2731 83 2755 t.
95 2727 117 2759 Ι,
136 2736 162 2762 p.
174 2727 243 2759 ‘2093
258 2727 295 2754 cf.
310 2727 438 2753 Archirio
452 2727 526 2754 Rom.
539 2726 568 2752 di
582 2728 617 2753 st.
629 2728 735 2759 patria,
754 2730 773 2753 t.
784 2726 835 2761 IV,
852 2736 879 2762 1).
891 2727 963 2760 374).
976 2743 1008 2747 —
1020 2728 1058 2754 Le

62 2775 200 2803 camel-ier
213 2774 319 2801 Rei-ard
335 2778 363 2801 et
379 2774 567 2810 Apolhnaire,
590 2778 705 2802 rectem·
726 2775 760 2801 de
776 2775 971 2803 Saint-Justin
988 2777 1058 2804 dans

62 2825 88 2851 la
99 2824 155 2851 cite
168 2823 303 2855 Leonine,
320 2823 443 2850 ratifient
458 2831 497 2850 un
513 2823 640 2858 echange
661 2823 869 2851 d’immeubles.
888 2824 925 2850 Le
947 2829 1060 2852 recteur

62 2873 130 2900 cede
147 2881 184 2899 un
207 2873 310 2899 terrain
336 2872 511 2906 (casalinum)
534 2873 626 2899 voisin
642 2872 677 2898 de
699 2880 751 2898 son
772 2873 862 2907 eglise
881 2877 910 2900 et
929 2874 1060 2908 adjacent

63 2930 98 2948 au
113 2921 200 2956 pelais
218 2921 360 2956 pontifical
379 2929 452 2955 pour
470 2921 529 2947 etro
545 2920 644 2947 enclos
660 2920 731 2947 dans
746 2929 797 2947 son
813 2923 959 2954 enceinte;
982 2923 1000 2948 il
1015 2931 1060 2949 re-

63 2971 130 3005 0011,
148 2978 182 2996 611
198 2973 305 3003 retour,
322 2978 376 2996 une
397 2970 481 3004 vigne
497 2969 614 2996 achetee
629 2970 644 2995 a
659 2973 704 2996 cet
720 2969 785 2996 effet
806 2978 856 3004 par
876 2970 900 2996 le
921 2971 1059 2998 camerier

62 3020 131 3046 hors
151 3019 175 3046 la
192 3023 271 3054 porta
287 3018 418 3045 Pertusa.

1178 417 1423 456 imperpetuum,
1443 419 1473 448 id
1492 425 1538 449 est
1559 429 1653 449 unani
1675 421 1801 450 vineam
1817 422 1889 459 jure
1909 423 2031 460 proprio
2053 423 2138 461 posi-

1177 474 1239 499 tam
1263 474 1347 499 extra
1372 476 1491 508 portam
1518 473 1643 502 Pertusi
1668 474 1698 501 in
1727 473 1793 503 loco
1817 474 1874 513 qui
1901 475 2016 504 dicitur
2043 475 2137 505 13160-

1177 528 1297 559 zetum,
1326 532 1379 553 scu
1402 524 1429 552 si
1457 524 1501 553 ibi
1525 525 1616 554 aliter
1642 531 1858 565 nuccupatur3
1885 536 1981 566 qnam
2008 528 2135 557 vineam

1177 576 1633 608 61111101)11001(16111(]0111111115
1648 580 1842 610 camerarius
1859 590 1877 609 3
1890 581 2006 611 Jacobo
2020 581 2136 611 Johan-

1178 629 1228 657 nis
1246 629 1400 658 Leonardi
1418 630 1456 658 de
1475 632 1597 668 propria
1620 633 1754 670 pecnnia
1775 642 1899 662 camere
1920 633 1997 662 dicti
2013 634 2137 663 domini

1176 690 1265 719 pape,
1281 682 1319 710 ad
1336 682 1440 711 1100111
1456 683 1538 712 dicta
1550 685 1741 721 permutatio
1754 686 1854 715 fieret.
1872 687 1939 722 Qne
1952 687 2138 725 permutatio

1176 735 1270 764 cessit
1291 735 1331 764 ad
1353 736 1506 773 majorem
1532 737 1700 767 utilitatem
1723 738 1856 769 ecclesie
1879 740 2016 778 predicte
2038 740 2138 769 sancti

1176 787 1298 816 Justini
1311 797 1406 825 quam
1420 788 1524 818 locum
1538 790 1715 827 predictum
1726 791 1867 821 sterilem
1883 793 2029 823 retinere.
2045 793 2137 823 Unde

1177 840 1216 869 ad
1232 840 1369 870 invicem
1386 850 1441 879 pro
1459 841 1505 870 eis
1524 847 1553 871 et
1569 843 1800 873 successoribus
1817 844 2048 883 imperpetuum
2068 856 2138 884 pre-

1177 892 1261 922 dicta
1278 894 1492 932 promiserunt
1510 895 1598 924 omui
1620 900 1757 933 tempore
1774 901 1839 925 rata
1855 901 1884 926 et
1903 898 1994 926 firma
2010 898 2136 936 habere,

1178 946 1357 983 observare,
1374 946 1545 976 defendere
1557 952 1585 976 et
1599 947 1789 985 disbrigare,
1802 949 1977 988 adimplere
1989 955 2017 980 et
2030 956 2139 981 contra

1179 1007 1242 1028 non
1260 999 1382 1035 venire,
1401 1000 1458 1029 sub
1475 1000 1672 1038 obligatione
1690 1001 1846 1031 bonorum
1865 1002 2020 1032 dictarum
2039 1003 2138 1034 eccle-

1179 1052 1297 1082 siarum
1315 1056 1344 1081 et
1363 1062 1442 1091 pena
1458 1057 1587 1082 centum
1604 1053 1761 1083 librarum
1784 1056 2059 1094 proveniensium3
2076 1066 2139 1095 qua

1180 1105 1283 1134 soluta
1300 1105 1347 1135 vel
1365 1114 1440 1141 non,
1461 1106 1519 1136 hec
1535 1107 1645 1136 omnia
1664 1107 1756 1136 firma
1770 1114 1987 1146 permaneant.

1219 1160 1335 1187 Actum
1367 1159 1486 1195 Rome,
1514 1159 1548 1188 in
1573 1168 1699 1189 camera
1723 1160 1799 1189 dicti
1823 1160 1946 1190 domini
1970 1163 2138 1192 camerarii

1179 1211 1262 1249 apud
1278 1211 1443 1241 basilicam
1457 1212 1543 1242 beati
1558 1213 1655 1249 Petri,
1670 1214 1869 1251 presentibus
1882 1214 2012 1245 domino
2024 1217 2138 1254 magis-

1180 1268 1226 1293 tro
1237 1264 1336 1294 Paulo
1349 1265 1386 1294 de
1400 1265 1508 1302 Reate,
1523 1266 1662 1304 dompno
1676 1267 1820 1304 Αο03010,
1835 1267 1972 1306 dompno
1985 1269 2136 1307 Jordano,

1179 1317 1318 1355 dompno
1337 1317 1448 1354 Paulo,
1469 1319 1646 1356 Hugicione
1662 1319 1700 1348 de
1716 1319 1815 1349 Podio
1832 1324 1938 1350 sancte
1954 1321 2069 1351 Cecilie
2085 1331 2140 1352 no-

1182 1369 1260 1399 tario
1283 1375 1312 1399 et
1329 1370 1436 1400 Thura
1457 1376 1649 1408 mercatore,
1674 1372 1804 1401 testibus
1826 1372 1864 1401 ad
1884 1372 1942 1402 hec
1962 1374 2140 1412 specialiter

1181 1422 1296 1451 vocatis
1317 1427 1346 1452 et
1361 1424 1491 1460 rogatis.

1221 1476 1285 1513 Ego
1302 1476 1482 1514 Stephanus
1487 1499 1548 1506 .....

1616 1592 1663 1622 25.

1222 1689 1280 1718 ln¹
1299 1690 1431 1720 nomine
1453 1691 1593 1720 Domini.
1613 1691 1731 1721 Eodem
1752 1692 1819 1727 die,
1844 1693 1878 1722 in
1896 1695 2054 1731 presentia
2074 1694 2138 1724 mei

1182 1742 1342 1772 scriniarii
1365 1748 1394 1772 et
1417 1743 1530 1773 horum
1544 1746 1557 1764 ²
1576 1745 1704 1774 testium
1726 1745 2000 1784 infrascriptorum
2020 1747 2060 1776 ad
2080 1748 2137 1777 bec

1181 1795 1359 1834 specialiter
1381 1801 1561 1826 vocatorum
1579 1801 1607 1826 et
1623 1802 1823 1835 rogatorum,
1845 1799 1915 1828 talis
1934 1801 2138 1830 commutatio

1181 1852 1211 1878 et
1226 1853 1406 1878 contractus
1419 1850 1596 1879 intervenit
1610 1851 1793 1888 spontaneis
1811 1851 1888 1881 binc
1906 1852 1981 1882 inde
1997 1852 2137 1883 volunta-

1182 1901 1267 1931 tibus
1295 1902 1378 1931 inter
1403 1903 1617 1932 venerabilem
1644 1912 1680 1933 ac
1702 1903 1876 1934 discretum
1902 1905 2008 1935 virum
2035 1906 2137 1936 domi-

1182 1963 1260 1983 nnm
1296 1955 1469 1984 Berardum
1499 1956 1623 1986 domini
1656 1965 1734 1995 pape
1763 1958 1975 1987 camerarium
2007 1968 2042 1988 ex
2074 1968 2139 1989 11113

1183 2013 1286 2045 parte,
1311 2012 1340 2037 et
1361 2007 1531 2038 Nicolaum
1556 2009 1641 2039 Petri
1660 2010 1744 2039 Ricii
1766 2010 1937 2049 syndicum
1954 2021 2008 2041 seu
2026 2021 2136 2051 procu-

1181 2065 1319 2090 ratorem
1336 2061 1613 2100 infrascriptorum
1628 2071 1663 2091 ex
1681 2067 1770 2100 parte
1785 2062 1903 2099 altera;
1924 2064 1981 2094 hoc
1998 2066 2139 2103 estquod

1182 2113 1335 2143 Nicolaus
1357 2114 1516 2151 predictus
1536 2123 1591 2153 pro
1616 2123 1648 2144 se
1670 2119 1700 2144 et
1723 2123 1780 2144 suo
1806 2116 1938 2146 nomine
1956 2122 1986 2146 et
2006 2118 2137 2154 horum,

1182 2166 1284 2196 silicet
1315 2166 1433 2204 Angeli
1465 2167 1552 2196 Petri
1584 2168 1716 2197 Roberti
1747 2169 1920 2206 patarentis
1951 2169 2017 2208 (sic)
2054 2180 2138 2200 mas-

1182 2219 1342 2249 sariorum
1369 2223 1399 2249 et
1423 2218 1565 2249 locorum
1593 2220 1686 2250 vallis
1707 2222 1862 2258 Arnecte‚
1890 2222 1982 2252 Pauli
2008 2223 2140 2254 Alzorni

1182 2271 1298 2310 prioris
1320 2271 1476 2301 dictorum
1499 2274 1727 2302 massariorum
1745 2278 1776 2303 et
1798 2275 1945 2304 massarii
1967 2275 2049 2306 dicte
2069 2276 2138 2306 val-

1182 2325 1235 2361 lis,
1260 2325 1371 2355 Jacobi
1394 2325 1550 2355 Homodei
1574 2335 1629 2364 pro
1657 2336 1690 2356 se
1714 2331 1743 2356 et
1764 2327 1913 2357 Johanne
1937 2329 2033 2359 fratre
2061 2339 2137 2367 suo,

1182 2377 1339 2408 Leonardi
1371 2377 1561 2415 Castellani,
1583 2368 1675 2409 Petri*
1695 2380 1866 2417 Lucensis,
1892 2381 2022 2412 Milonis
2046 2383 2139 2413 Pauli

1182 2430 1473 2469 Scangalemosine,
1491 2432 1613 2462 Cesarii
1630 2433 1784 2470 Mancini,
1799 2433 1956 2464 Johannis
1973 2435 2092 2466 Mathei
2109 2440 2139 2467 et

1181 2484 1302 2513 Mathei
1318 2483 1378 2514 filii
1393 2484 1543 2521 Zavarre,
1561 2493 1698 2524 quorum
1715 2486 1867 2524 syndicus
1885 2496 1941 2517 seu
1957 2493 2140 2526 procurator

1181 2537 1282 2566 extitit
1303 2540 1332 2567 et
1356 2537 1395 2567 de
1418 2538 1559 2576 ipsorum
1588 2547 1714 2577 quoque
1741 2539 1890 2570 mandato
1917 2549 1953 2570 ac
1977 2541 2140 2573 voluntate

1181 2590 1328 2628 speciali⁷
1352 2595 1444 2629 prout
1463 2596 1585 2621 constat
1607 2591 1732 2630 publico
1752 2593 1828 2622 inde
1853 2593 1992 2624 confecto
2014 2594 2138 2625 instru-

1181 2648 1302 2681 mento,
1329 2644 1444 2682 scripto
1469 2653 1524 2682 per
1549 2645 1678 2674 Petrum
1706 2645 1800 2675 Pauli
1821 2645 1980 2676 Johannis
2006 2647 2140 2678 Maliani

1178 2824 1200 2849 1.
1218 2823 1250 2849 ‘27
1263 2823 1328 2857 juin
1348 2823 1424 2850 1279.
1443 2838 1475 2842 —
1491 2823 1702 2858 Arrangement
1717 2827 1796 2850 entre
1816 2824 1842 2850 le
1862 2826 1999 2852 camerier
2020 2826 2138 2859 Berard,

1140 2872 1181 2899 les
1196 2872 1351 2906 vignerons
1367 2871 1400 2898 de
1417 2872 1442 2898 la
1457 2872 1538 2898 vallis
1549 2872 1675 2898 Arnecta
1686 2876 1714 2899 et
1725 2873 1750 2898 le
1766 2877 1878 2900 recteur
1890 2874 1924 2900 de
1940 2873 2137 2908 saint-Gilles,

1139 2923 1155 2947 a
1171 2930 1276 2956 propos
1289 2921 1373 2948 d'une
1386 2922 1449 2948 voie
1460 2921 1494 2947 de
1506 2922 1747 2948 communication
1758 2923 1922 2957 supprimee
1936 2932 2008 2958 pour
2022 2924 2138 2951 l'arran-

1140 2974 1257 3005 gement
1272 2970 1308 2996 du
1326 2978 1393 3005 parc
1409 2970 1551 3005 pontifical
1567 2974 1594 2996 ct
1611 2971 1769 3005 remplacee
1787 2980 1837 3006 par
1854 2980 1908 2998 une
1926 2976 2016 2998 autre.

1175 3019 1202 3045 2.
1220 3019 1282 3046 eod.
1298 3019 1362 3045 hoc.
