2423 3540
198 357 250 387 132

276 423 380 451 'I‘ertio
397 421 644 450 archidiaconus
661 420 739 449 dicit
757 432 762 448 :
783 420 903 448 Etramli
921 419 1047 447 Christe.
1066 421 1095 445 et
1113 420 1202 445 nota-

238 476 277 504 rii
298 475 490 512 respondent
506 475 588 502 sicut
606 473 703 510 prius.

278 536 314 564 Et
330 534 576 563 archidiaconus
590 533 690 561 dicit:
710 532 853 561 Salvator
868 532 988 559 mundi.
1010 530 1109 559 tribus
1124 529 1201 557 vici-

238 589 296 617 bus·
310 612 317 622 ,
344 587 473 616 notariis
495 586 622 615 totidem
645 585 765 614 vicibus
784 585 829 613 eis
849 583 1113 622 respondentibus
1133 594 1138 610 :
1162 583 1202 610 Tu

239 643 325 670 illum
344 642 469 674 adjura.

281 703 314 731 Et
337 701 579 730 archidiaconus
596 700 673 729 (licit
695 710 701 728 :
719 700 830 728 Sancta
848 699 964 727 illaria.
984 697 1107 726 duobus
1127 696 1202 724 vici-

239 757 310 790 bus;
343 755 455 783 notarii
487 754 679 792 respondent
703 752 829 781 duobus
855 752 978 780 vicibus
1008 763 1013 779 :
1046 751 1085 779 Tu
1115 751 1201 778 illum

237 810 362 844 (aliurn.

279 867 534 896 Arcliidiacouus
551 866 644 895 dicit:
661 867 767 895 Sancte
784 866 909 894 Micharl
925 864 1049 893 duobus
1064 863 1202 892 vicibus:

238 921 351 950 notarii
371 920 585 957 icspoudeut:
607 920 648 947 Tit
671 920 757 947 illvm
777 919 903 953 adjura.

280 981 392 1010 Eodem
411 979 502 1009 niodo
518 979 637 1007 dicitur
654 988 659 1007 :
676 979 783 1007 Same
796 978 924 1007 Gala-iel.
942 981 1041 1005 sancte
1062 975 1203 1013 Raphacl,

238 1040 337 1063 saucle
365 1034 529 1062 Joliamees.
565 1037 666 1060 sarim
697 1032 796 1065 Perre,
826 1035 926 1059 sancte
959 1030 1068 1057 Paule.
1105 1033 1206 1056 xamen

237 1088 371 1117 ,luth-ea,
397 1091 496 1114 sancte
519 1086 679 1122 Stnplmne.
702 1089 802 1113 sancte
827 1084 986 1112 Laureult'.
1007 1087 1107 1111 sancte
1135 1082 1206 1109 l't'u-

237 1142 326 1175 cerni,
343 1145 443 1168 ‚vincte
459 1140 617 1168 silvester.
635 1143 735 1167 sancte
754 1139 816 1171 Leo,
832 1142 932 1165 sancte
952 1136 1086 1171 Grcqori.
1106 1139 1207 1163 sancte

238 1194 403 1223 Benedicti:
433 1198 532 1220 saucle
563 1192 672 1226 Basili,
708 1196 807 1219 sancte
836 1191 933 1225 Saba,
962 1194 1067 1217 sancta
1094 1189 1204 1224 Asyrzss.

237 1253 340 1277 sancta
356 1247 476 1276 Civilia.
499 1251 603 1274 sam-la
619 1246 720 1273 Lucia.

280 1307 317 1336 Et
334 1306 581 1335 archidiaconus
597 1305 674 1333 dicit
692 1313 698 1333 :
719 1305 927 1341 Kurielei'san:
947 1303 1060 1331 notarii
1080 1310 1205 1339 respon-

239 1360 316 1388 deut
332 1358 482 1387 similiter
506 1359 704 1395 Kyrieleison.
727 1357 845 1385 lterum
871 1356 1114 1384 archidiaconus
1131 1354 1208 1383 dicit

241 1414 356 1442 Christe
391 1413 498 1440 phasson
518 1422 526 1442 ,·
560 1411 673 1440 notarii
711 1409 903 1447 respondent
935 1410 1052 1437 Clu-iste
1084 1409 1205 1436 eleison.

240 1465 346 1494 Tertio
368 1473 441 1493 vero
464 1464 712 1493 archidiaconus
737 1472 808 1492 cum
833 1462 977 1491 diaconis
1003 1461 1208 1490 subdiaconis

240 1523 269 1547 et
287 1518 418 1547 notariis
436 1526 499 1545 una
517 1526 590 1545 voce
606 1516 718 1545 dicunt
738 1516 941 1552 Kyrseleyson.

278 1578 394 1606 Finitis
409 1577 559 1606 laudibus
579 1576 697 1613 legitur
713 1576 810 1604 latina
830 1574 962 1613 epistola
980 1574 1069 1612 prius
1085 1579 1113 1603 et
1129 1578 1208 1611 post-

242 1631 371 1660 modum
393 1640 502 1668 greca,
522 1635 550 1659 et
572 1629 777 1665 evangelium
797 1629 934 1657 latinum
959 1632 988 1657 et
1007 1637 1148 1665 grecum.
1170 1628 1207 1656 In

241 1689 361 1713 secreta
377 1693 460 1716 vero,
476 1693 549 1713 cum
566 1683 699 1721 prosatio
715 1682 839 1720 incipit,
852 1681 1053 1711 descendunt
1066 1682 1129 1710 duo
1145 1681 1209 1710 dia-

242 1739 313 1767 coni
341 1747 411 1766 cum
441 1737 565 1765 duobus
596 1736 801 1765 subdiaconis
830 1735 978 1765 deorsum
1009 1739 1039 1763 et
1066 1739 1149 1763 stant
1175 1735 1208 1763 iu

242 1791 342 1819 fronte
367 1790 475 1818 altaris
503 1790 640 1818 ordinati
672 1798 742 1817 cum
772 1788 913 1817 silentio.
943 1787 1079 1823 Quando
1102 1792 1209 1816 autem

241 1843 379 1881 pontifex
399 1843 493 1872 dicit:
513 1844 575 1871 Par
594 1843 714 1871 Domini
730 1843 769 1870 sit
787 1851 902 1879 semper
920 1842 1082 1876 vobiscum,
1100 1840 1210 1869 nullus

243 1896 270 1925 ei
291 1896 459 1933 respondet
478 1900 507 1925 et
533 1900 606 1924 tunc
628 1895 752 1924 diaconi
778 1904 850 1923 cum
876 1894 1079 1923 subdiaconis
1105 1903 1210 1922 rever-

244 1954 354 1978 tuntur
371 1950 531 1986 superius.

283 2009 357 2048 [35]
381 2009 486 2037 Finita
513 2008 609 2037 missa
632 2011 802 2037 coronatur
825 2007 970 2045 reditque
993 2017 1063 2036 curn
1088 2016 1209 2045 proces-

245 2062 333 2090 sione
359 2061 394 2089 ad
423 2061 598 2098 palatium,
624 2065 655 2089 et
679 2060 814 2098 acceptis
841 2060 987 2089 laudibus
1014 2070 1030 2089 a
1056 2060 1210 2090 cardinali

244 2115 346 2143 sancti
369 2114 531 2143 Laurentii
554 2114 681 2142 ducitur
703 2122 720 2141 a
739 2113 920 2151 primicerio
943 2118 972 2141 et
992 2113 1211 2143 secundicerio

244 2167 275 2196 in
297 2167 462 2196 basilicam
486 2176 635 2203 maguam
656 2166 867 2200 Leonianam,
886 2166 939 2194 ubi
958 2170 1029 2194 sunt
1049 2172 1211 2205 preparata

244 2221 290 2249 XI
322 2228 450 2248 scamna
474 2220 557 2248 circa
582 2228 725 2248 mensam
752 2219 930 2256 pontificis,
959 2219 983 2247 V
1015 2219 1209 2257 presbiteris,

245 2274 267 2302 V
290 2273 434 2302 diaconis
457 2277 486 2301 et
506 2272 697 2310 primicerio,
717 2275 746 2301 et
763 2271 861 2301 lectus
885 2272 987 2309 ipsius
1012 2273 1130 2302 ibidem
1153 2273 1210 2303 sol-

245 2326 416 2363 lempniter
439 2329 633 2363 preparatus,
655 2325 687 2354 in
707 2325 810 2362 figura
830 2325 894 2353 XII
917 2325 1129 2363 apostolorum
1158 2336 1210 2356 re-

244 2378 466 2407 cumbentium
477 2379 559 2407 circa
570 2386 714 2406 mensam
728 2377 847 2406 Christi
864 2377 994 2415 quaudo
1005 2379 1212 2408 comederunt

246 2431 377 2460 Pascha.
401 2430 576 2460 Transieus
594 2435 702 2459 autem
728 2439 782 2468 per
803 2430 904 2468 ipsam
927 2430 1092 2460 basilicam
1115 2432 1212 2461 intrat

244 2492 414 2515 cameram,
449 2483 501 2511 nbi
526 2483 599 2512 dato
627 2482 812 2520 presbiterio
839 2482 922 2511 sicut
949 2483 981 2511 iu
1009 2483 1059 2512 die
1088 2483 1213 2512 Natalis

248 2536 377 2565 Domini
390 2536 495 2573 surgit
510 2540 539 2564 et
554 2535 641 2563 venit
653 2535 690 2563 ad
704 2535 807 2564 locum
824 2535 878 2563 ubi
892 2535 1008 2564 dicitur
1019 2536 1210 2571 cubitorum,

247 2590 353 2627 ibique
371 2597 490 2624 agnum
509 2597 616 2617 assum
637 2587 798 2616 benedicit
815 2594 844 2616 et
862 2588 976 2617 exinde
993 2589 1073 2617 redit
1087 2589 1126 2618 ad
1144 2599 1213 2627 pre-

248 2648 390 2679 paratum
410 2641 525 2670 lectum
546 2650 667 2670 meuse.
692 2641 782 2669 Tunc
802 2640 941 2678 pontifex
958 2641 1146 2680 accipie[u]s
1162 2652 1214 2680 pa-

248 2704 316 2723 rum
335 2695 372 2723 de
389 2694 456 2732 ipso
473 2703 556 2731 agno
575 2694 706 2732 porrigit
722 2694 821 2731 priori
839 2694 1019 2724 basilicario
1037 2695 1160 2725 sedenti
1179 2696 1213 2725 iu

246 2747 399 2776 subsellio
420 2753 492 2776 aute
517 2747 633 2776 lectum
657 2747 774 2785 ipsius,
800 2747 910 2776 diceus
932 2757 938 2776 :
963 2749 1045 2783 (mod
1068 2750 1145 2784 facis
1166 2751 1214 2785 fac

247 2801 348 2828 citius.
367 2800 450 2829 Sir-ut
476 2801 524 2828 ille
544 2801 655 2837 (irrepit
673 2800 712 2828 ad
728 2800 988 2837 dampnationem,
1012 2807 1042 2830 tn
1060 2804 1159 2839 accipe
1176 2803 1215 2831 cul

250 2853 467 2881 revtisssmtem.
493 2852 665 2890 Reliquum
693 2861 764 2882 vero
784 2853 859 2890 agui
885 2853 1048 2883 distribuit
1071 2855 1213 2884 discum-

248 2905 396 2934 bentibus
415 2909 445 2933 et
461 2904 534 2933 aliis
551 2905 842 2935 circumstantibus.

291 2965 325 2993 In
350 2964 485 2993 dimidio
511 2974 584 2994 vero
609 2966 750 2994 convivii
777 2966 880 3003 surgit
901 2976 984 2995 unus
1006 2967 1044 2996 de
1072 2968 1215 2999 diaconis

249 3017 466 3047 cardinalibus
479 3027 514 3046 ex
533 3019 684 3048 mandato
698 3019 916 3048 archidiaconi
936 3025 966 3049 et
982 3020 1058 3058 legit
1073 3021 1111 3050 ad
1127 3031 1214 3051 meu-

1141 348 1344 379 ALBINUS.

1327 422 1406 443 sam.
1420 414 1574 444 Cantores
1585 418 1690 443 autem
1702 421 1826 450 prosam
1837 416 1957 442 canunt
1968 421 2029 451 que
2042 412 2083 441 sit
2093 411 2294 442 conveniens

1328 467 1458 503 Pasche,
1481 477 1516 496 ex
1536 467 1686 496 mandato
1703 466 1875 504 pontificis.

1368 521 1473 550 Finito
1491 526 1597 550 autem
1615 520 1762 549 convivio
1779 519 1943 549 descendit
1963 519 1996 548 iu
2015 519 2182 549 ecclesiam
2200 519 2292 548 Late-

1328 582 1496 602 raneusem
1514 573 1552 602 ad
1569 573 1776 602 secretarium
1794 577 1824 601 et
1839 572 1914 601 iude
1931 572 2012 601 redit
2025 572 2063 600 ad
2082 581 2238 610 vesperas.
2257 571 2295 600 Et

1326 627 1408 655 sicut
1426 626 1609 655 continetur
1627 626 1657 654 iu
1675 625 1902 663 antiphonario
1920 625 2087 654 celebratis
2104 625 2203 654 tribus
2222 633 2293 654 ves-

1328 679 1411 717 peris
1427 679 1459 708 iu
1478 678 1609 708 basilica
1628 678 1800 708 Salvator-is
1817 678 1902 707 etad
1919 678 2021 707 sontes
2037 683 2129 716 atque
2146 677 2184 706 ad
2202 685 2294 706 sanc-

1302 752 1304 754 ·
1329 738 1388 761 tam
1407 732 1558 767 Crucem,
1584 731 1755 761 revertitur
1775 732 1813 760 ad
1834 732 1990 770 porticum
2008 731 2110 760 sancti
2128 730 2291 767 Venantii,

1328 785 1437 823 ibique
1460 786 1547 814 sedet
1571 794 1642 814 cum
1665 785 1835 823 episcopis,
1860 784 2093 820 cardinalibus,
2118 784 2295 822 ceterisque

1325 838 1495 868 ordinibus
1509 843 1538 867 et
1549 838 1622 867 aliis
1636 842 1698 866 tam
1713 837 1840 867 clericis
1854 846 1950 875 quam
1962 837 2052 866 laicis
2066 838 2097 866 in
2118 842 2199 866 terra
2214 836 2294 866 resi-

1328 891 1488 920 dentibus.
1513 891 1637 920 Ueinde
1653 891 1840 929 propinatur
1858 890 1919 919 sibi
1936 889 2090 919 claretum
2103 889 2295 919 etomuibus

1328 944 1640 974 circumsedentibus
1662 945 1701 973 ab
1722 943 1943 973 architriclino
1969 948 1999 972 et
2021 942 2092 972 aliis
2119 942 2294 981 pincernis.

1369 997 1443 1036 [36.]
1465 998 1597 1026 Interim
1620 1006 1693 1027 vero
1717 1002 1863 1026 cantores
1884 1000 2022 1034 surgunt
2044 1000 2072 1025 et
2090 999 2211 1025 canunt
2226 1003 2296 1034 pro-

1329 1061 1395 1081 sam
1413 1060 1539 1088 grecam
1556 1051 1742 1089 hujusmodi
1761 1063 1765 1079 z

1370 1117 1381 1130 α
1411 1105 1558 1141 Pasc[b]a
1575 1113 1673 1142 yerou
1693 1105 1783 1142 ¹ymiu
1802 1111 1953 1142 synieron
1971 1102 2175 1138 auadedicte,

1371 1170 1383 1183 ›>
1411 1157 1532 1186 Pascha
1548 1157 1669 1192 keuou,
1690 1158 1796 1194 agion,

1371 1223 1384 1236 »
1410 1211 1532 1240 Pascha
1550 1211 1708 1246 misticou,

1373 1276 1384 1289 υ
1412 1264 1532 1293 Pascha
1548 1272 1816 1302 pausevasmoyu,

1372 1330 1384 1342 r>
1412 1318 1533 1346 Pascha
1549 1317 1651 1346 Cristn
1672 1320 1701 1345 tu
1722 1317 1867 1350 litbrotu,

1372 1383 1384 1396 n
1412 1371 1532 1399 Pascha
1549 1379 1710 1405 amomon,

1372 1436 1383 1449 >1
1411 1423 1532 1452 Pascha
1550 1432 1652 1460 mega,

1373 1489 1384 1503 n
1412 1477 1532 1506 Pascha
1550 1481 1601 1506 ton
1624 1480 1749 1515 pystou,

1373 1542 1385 1556 »
1412 1530 1533 1559 Pascha
1551 1535 1594 1558 tas
1612 1529 1702 1568 pylas
1719 1529 1811 1568 ymiu
1830 1533 1860 1558 tu
1880 1529 2026 1568 paradisu
2042 1537 2218 1563 auaeoxau,

1373 1596 1385 1609 n
1413 1584 1533 1613 Pascha
1552 1589 1662 1621 pantas
1678 1583 1864 1621 auaplaston
1887 1586 2006 1616 vrotus,

1376 1650 1387 1663 ι)
1415 1638 1526 1666 Kenou
1548 1646 1625 1675 papa
1644 1637 1768 1666 Christe
1785 1636 1914 1666 filaxou.
1942 1648 1954 1661 1>

1374 1692 1410 1720 Et
1426 1691 1478 1719 bis
1494 1690 1670 1719 decantatis
1687 1698 1799 1719 omnes
1815 1689 1853 1718 ad
1872 1688 1997 1727 propria
2014 1691 2231 1717 revertuntur.

1373 1743 1447 1783 [37.]
1469 1745 1501 1773 ln
1520 1753 1658 1773 SECUNDA
1679 1752 1769 1772 FERIA
1788 1751 1864 1772 POST
1881 1743 2018 1771 Pascua.

1374 1799 1508 1827 Summo
1523 1806 1615 1826 inane
1629 1797 1768 1826 doninus
1786 1795 1924 1834 pontifex
1939 1795 2138 1832 congregatis
2151 1793 2302 1823 omnihus

1335 1850 1484 1889 palatinis
1508 1850 1676 1879 ordinibus
1701 1849 1739 1878 ad
1762 1848 1914 1886 palatium
1940 1847 2105 1877 descendit
2127 1850 2156 1876 et
2182 1845 2302 1884 equitat

1333 1914 1388 1943 per
1405 1904 1487 1932 viam
1507 1912 1628 1932 sacram
1645 1903 1682 1931 ad
1696 1908 1842 1932 sanetum
1862 1902 2003 1936 Petrum,
2022 1901 2131 1938 ibique
2143 1899 2302 1929 celebrata

1335 1958 1431 1986 missa
1450 1957 1487 1985 de
1508 1966 1605 1992 more,
1621 1960 1791 1985 coronatur
1809 1955 1846 1983 ad
1871 1954 1988 1991 gradus
2010 1958 2039 1983 et
2059 1952 2233 1991 preparatis
2249 1960 2301 1980 ar-

1333 2011 1434 2040 cubus
1459 2019 1531 2039 cum
1558 2010 1681 2047 ingenti
1714 2008 1916 2047 processione
1939 2007 2128 2036 clericorum
2159 2006 2302 2044 undique

1334 2064 1596 2093 concurrentium
1623 2071 1696 2091 cum
1717 2063 1861 2095 incenso,
1883 2066 1913 2090 et
1933 2060 2048 2090 Judeis
2073 2060 2105 2088 in
2128 2059 2301 2089 constituto

1334 2117 1402 2147 loco
1415 2116 1516 2154 legem
1530 2125 1618 2144 suam
1636 2114 1895 2153 presentautibus
1908 2113 2084 2151 laudesque
2096 2111 2300 2147 facientibus,

1335 2176 1364 2200 et
1379 2172 1463 2209 Jactu
1481 2171 1512 2199 iu
1532 2169 1660 2206 vulgus,
1678 2177 1732 2206 per
1746 2168 1830 2196 viam
1849 2175 1970 2195 sacram
1984 2166 2023 2195 ad
2041 2165 2196 2203 palatium
2213 2171 2302 2193 coro-

1336 2230 1428 2254 natus
1445 2223 1627 2258 revertitur,

1375 2277 1450 2315 [38]
1468 2276 1575 2314 ibique
1595 2275 1683 2304 sactis
1703 2273 1852 2303 laudibus
1875 2271 2088 2301 cardinalium
2108 2275 2138 2300 et
2154 2269 2301 2309 judicum

1335 2336 1365 2360 et
1380 2331 1453 2360 dato
1472 2329 1656 2368 presbiterio
1668 2328 1787 2366 absque
1800 2325 1951 2355 manibus
1965 2324 2100 2354 celebrat
2113 2322 2302 2353 convivium

1335 2385 1368 2413 in
1386 2383 1517 2413 bas.lica
1538 2382 1711 2411 Leouiaua.

1377 2437 1443 2466 Hac
1470 2436 1523 2465 die
1550 2435 1688 2464 domnus
1715 2442 1792 2471 papa
1819 2432 1871 2461 dat
1895 2432 2048 2461 cirotecas
2077 2439 2149 2460 cum
2183 2429 2303 2468 quibus

1336 2494 1440 2520 cantat
1457 2490 1588 2518 missam
1607 2486 1878 2525 archipresbitero
1895 2484 1995 2514 saneti
2013 2484 2110 2513 Petri.
2131 2481 2306 2512 Descendit

1338 2542 1538 2582 postmodum
1560 2541 1599 2570 ad
1622 2540 1788 2570 ecclesiam
1809 2539 2069 2570 Lateraueuseru,
2089 2540 2118 2564 et
2136 2535 2304 2565 celebratis

1337 2596 1382 2625 ibi
1406 2595 1506 2624 tribus
1526 2594 1665 2632 vesperis
1686 2598 1715 2621 et
1737 2592 1902 2630 propinato
1920 2589 2038 2619 clareto
2057 2589 2140 2618 sicut
2156 2588 2306 2617 hesterno

1336 2648 1388 2677 die
1402 2657 1513 2677 omues
1528 2647 1582 2676 leti
1604 2645 1766 2675 recedunt.

1377 2700 1452 2738 [62]
1473 2700 1617 2729 SAsseitTo
1634 2708 1662 2728 m
1683 2706 1782 2727 Annis.

1379 2754 1478 2786 Statio
1500 2753 1537 2782 ad
1562 2756 1706 2781 sanctum
1732 2750 1917 2780 ¹lobaunem
1941 2749 2200 2777 Laterauensem.
2223 2745 2304 2776 Cum

1338 2808 1476 2837 domnus
1495 2815 1572 2844 papa
1589 2805 1726 2834 celebrat
1747 2805 1918 2833 missarum
1940 2800 2132 2838 sollempnia
2153 2804 2183 2829 et
2201 2800 2305 2836 Aquas

1338 2862 1388 2890 Dei
1407 2864 1553 2889 cantatur
1569 2868 1585 2888 a
1603 2857 1785 2896 primicerio
1800 2860 1829 2886 et
1845 2854 1930 2885 scola
1945 2859 2124 2889 cantorum,
2144 2851 2306 2882 distribuit

1337 2922 1437 2951 agnos
1453 2913 1612 2942 confectos
1628 2920 1700 2940 cera
1717 2914 1747 2940 et
1764 2910 1912 2938 crismate
1931 2916 1987 2946 per
2006 2907 2177 2945 episcopos,
2199 2903 2303 2934 cardi-

1341 2967 1429 2997 nales
1446 2971 1476 2996 et
1493 2966 1572 2995 alios
1589 2970 1651 2994 tam
1668 2964 1800 2993 clericos
1815 2970 1913 3000 quam
1932 2960 2041 2996 laicos,
2061 2959 2119 2988 bac
2137 2958 2260 2987 ratione
2273 2961 2306 2987 ut

1340 3021 1422 3050 sicut
1442 3019 1499 3048 filii
1524 3017 1622 3048 lsrael
1646 3018 1677 3046 in
1703 3015 1816 3054 Egipto
1843 3013 1935 3053 positi
1961 3016 2102 3051 precepto
2119 3010 2252 3040 Domini
2266 3009 2306 3039 de
