2465 3582
257 352 297 381 68

298 418 438 443 viensium
455 416 502 450 qui
519 420 616 441 essent
632 423 681 449 pro
700 419 827 449 tempore
843 414 1055 448 jurisdictione,
1073 418 1212 448 potestate
1228 417 1256 440 et

297 466 421 492 dominio
439 464 603 490 eximeretis
626 468 653 489 ct
674 464 797 488 totaliter
812 463 980 490 liberaretis,
998 471 1030 489 ac
1046 463 1211 489 statueretis
1227 466 1255 488 et

296 515 465 541 ordinaretis
481 512 554 546 quod
580 513 641 546 ipse
663 513 827 546 prepositus
851 512 910 537 sedi
934 512 1089 546 apostolice
1110 511 1255 537 dumtaxat

297 562 459 589 immediate
476 562 626 595 subjectus
647 561 801 587 existeret:
826 564 854 586 et
874 560 908 586 ad
933 561 1068 587 indit-ium
1091 560 1254 593 hujusmodi

296 612 436 638 libertatis
456 614 586 644 pei-cepte
610 618 696 635 unum
714 609 851 634 fertonem
871 610 932 643 puri
949 610 1009 635 auri
1030 610 1112 635 annis
1133 609 1255 642 singulis

297 668 408 687 camere
424 659 579 693 apostolice
598 659 623 683 in
647 658 718 683 festo
742 657 888 683 beatorum
913 657 984 683 Petri
1002 661 1030 683 et
1046 658 1123 684 Pauli
1141 661 1256 691 aposto-

296 710 386 734 lorum
405 708 512 733 solvere
529 710 687 737 teneretur,
706 712 734 731 et
757 706 889 732 nonnulla
908 707 960 731 alia
985 708 1068 732 etiam
1090 706 1256 731 statueretis

295 762 323 784 et
339 758 507 783 ordinaretis
526 760 607 789 prout
624 757 650 781 in
663 755 771 781 eisdem
787 755 888 781 litteris
906 756 1016 789 plenius
1032 757 1203 781 continetur.
1222 755 1256 780 Et

296 807 508 840 subsequenter
533 814 582 838 pro
603 808 680 838 parte
702 804 795 838 ipsius
819 804 901 830 ducis
922 804 1003 829 nobis
1026 807 1156 838 exposito
1181 804 1255 837 quod

297 857 376 881 locus
396 855 422 880 in
441 862 496 888 quo
513 854 585 879 dicta
602 854 709 886 capella
725 853 901 879 consistebat
922 862 969 885 pro
987 854 1135 888 premissis
1151 853 1254 879 ibidem

295 904 467 939 peragendis
491 902 575 928 nimis
598 906 677 927 artus
696 902 847 933 existebat,
868 910 919 927 nec
936 905 1065 936 poterant
1081 902 1117 927 ibi
1138 901 1256 928 comode

295 952 494 986 adinipleri1...
513 955 540 976 et
555 951 629 984 quod
642 951 675 976 ad
690 950 717 975 id
730 950 824 976 dilecti
837 950 883 975 filii
901 950 1036 983 Lenpoldi
1051 951 1168 976 rectoris
1182 950 1255 976 dicte

292 1002 415 1027 ecclesie
427 1000 580 1026 accedebat
594 1007 742 1029 assensus,
757 999 848 1032 quodq
856 1007 889 1024 ue
900 999 982 1024 etiam
997 999 1069 1025 idem
1082 999 1138 1025 dux
1155 1008 1255 1033 quam-

295 1051 362 1076 libet
379 1050 556 1081 dignitatem,
573 1051 754 1082 personatum
773 1056 823 1073 seu
840 1048 960 1073 officium
979 1049 1004 1073 iu
1022 1048 1118 1073 eadem
1136 1048 1256 1073 ecclesia

294 1098 470 1124 instituenda
487 1106 536 1122 seu
562 1096 769 1122 instituendum
795 1097 866 1121 ultra
888 1097 982 1122 dotem
1007 1097 1169 1130 hujusmodi
1193 1105 1257 1130 pre-

295 1147 450 1173 bendarum
467 1146 501 1171 de
520 1146 727 1179 quinquaginta
743 1144 860 1170 florenis
876 1146 935 1170 auri
952 1145 1048 1170 dotare
1068 1149 1096 1170 et
1118 1154 1166 1178 pro
1185 1154 1256 1178 quo-

297 1196 365 1221 libet
386 1194 487 1220 XXVI
511 1194 719 1226 capellanorum
743 1193 790 1227 qui
813 1194 838 1218 iu
863 1193 960 1218 eadem
982 1193 1102 1218 ecelesia
1129 1193 1254 1227 perpetui

295 1245 465 1276 existerent,
493 1242 679 1276 quadraginta
702 1242 825 1267 florenos
849 1242 908 1267 auri
933 1242 958 1267 in
983 1243 1085 1267 annuis
1112 1243 1257 1276 perpetuis

296 1293 454 1319 redditibus
470 1293 617 1322 assignare
636 1291 819 1324 proponebat,
839 1300 890 1316 nos
906 1291 985 1316 vobis
1004 1291 1109 1317 nostris
1126 1291 1257 1317 dedimus

295 1342 397 1368 litteris
415 1342 440 1366 in
459 1340 599 1366 mandatis
616 1344 645 1365 ut
662 1348 712 1365 vos
730 1340 770 1364 vel
793 1340 849 1364 dno
867 1344 991 1365 vestrum
1010 1340 1074 1365 dote
1093 1340 1257 1373 hujusmodi

294 1400 343 1425 pro
362 1391 511 1424 premissis
527 1389 660 1414 omnibus
675 1397 707 1414 ac
724 1389 807 1413 etiam
830 1389 963 1421 predictis
979 1390 1082 1414 annuis
1099 1389 1256 1414 redditibus

293 1440 480 1474 quadi-aginta
500 1438 671 1462 florenorum
693 1445 741 1470 pro
762 1437 887 1469 quolibet
904 1437 1111 1468 capellanorum
1130 1438 1256 1470 ipsorum

295 1488 428 1521 primitus
445 1487 556 1512 realiter
571 1487 741 1519 assignatis,
765 1486 882 1511 eandem
906 1487 1055 1511 ecclesiam
1078 1486 1168 1511 sancti
1190 1486 1257 1511 Ste-

295 1538 378 1570 phani
405 1536 428 1560 in
453 1535 629 1565 collegiatam
655 1542 764 1567 erigere
786 1538 814 1559 et
831 1534 857 1559 in
875 1543 906 1559 ea
924 1535 1086 1568 hujusmodi
1104 1535 1255 1569 collegium

294 1594 344 1611 seii
363 1585 518 1619 (aipitulum
537 1587 672 1615 statuere,
685 1587 712 1608 et
726 1592 807 1608 unam
821 1584 1026 1609 thesaurariam
1044 1589 1071 1609 et
1087 1584 1137 1609 aliu
1156 1584 1257 1618 liujus-

295 1635 368 1660 modi
389 1634 553 1665 dignitates,
578 1636 748 1666 personatus
767 1636 794 1657 et
810 1632 898 1657 ollicia
914 1640 1010 1657 creare
1029 1640 1060 1658 ac
1077 1636 1212 1663 statuere,
1230 1635 1257 1658 ct

295 1684 425 1709 ordinare
451 1682 524 1714 quod
551 1681 677 1715 prefatus
704 1684 806 1713 rector,
824 1681 847 1706 si
865 1681 918 1706 sibi
938 1681 1069 1714 placeret,
1094 1682 1257 1715 prepositus

294 1731 423 1766 ejusdem
448 1730 570 1756 ecclesie
591 1729 727 1755 existeret
748 1733 775 1754 et
795 1738 891 1755 curam
914 1729 1024 1762 collegii
1048 1734 1075 1755 et
1095 1731 1257 1764 parrochia-

293 1789 393 1807 norum
415 1780 489 1806 dicte
511 1779 632 1805 ecclesie
656 1782 769 1809 gereret
793 1782 820 1804 et
844 1778 974 1811 haberet,
999 1779 1023 1804 si
1042 1787 1107 1804 vero
1123 1780 1177 1805 sibi
1201 1789 1255 1806 non

294 1830 434 1864 placeret,
461 1836 494 1853 eo
520 1828 639 1853 cedente
668 1828 711 1851 vel
737 1827 892 1852 decedente
915 1831 963 1852 aut
989 1827 1139 1853 ecclesiam
1167 1829 1255 1862 ipsam

293 1877 508 1912 quonimlolibet
525 1876 702 1905 dimittente,
722 1875 886 1909 prepositus
902 1876 950 1909 qui
967 1880 1044 1901 esset
1065 1885 1114 1909 pro
1131 1881 1256 1910 tempore

295 1926 458 1960 hujusmodi
471 1934 567 1951 curam
580 1929 634 1951 tam
647 1924 759 1955 collegii
773 1933 856 1958 quam
870 1926 1120 1958 parroeliianorum
1136 1931 1256 1957 gereret,

295 1980 324 2001 et
346 1975 479 2000 nonnulla
500 1974 552 1999 alia
568 1974 642 1999 circa
665 1974 717 1998 hoc
741 1978 866 1998 statuere
892 1977 919 1999 et
939 1973 1068 1999 ordinare
1089 1976 1257 2001 auctoritate

297 2028 391 2050 nostra
408 2024 560 2053 curaretis,
580 2027 661 2056 prout
678 2023 704 2047 in
723 2022 829 2048 eisdem
851 2023 956 2048 nostris
973 2023 1036 2048 inde
1058 2023 1196 2049 consectis
1213 2025 1258 2050 lit-

295 2073 363 2098 teris
381 2072 492 2106 plenius
508 2072 680 2097 continetur.
702 2070 762 2096 Nos
779 2071 866 2101 igitur
884 2075 913 2096 ut.
929 2072 1050 2105 amplius
1067 2072 1159 2105 ipsius
1175 2073 1257 2099 ducis

294 2131 361 2156 erga
380 2121 469 2146 Deum
486 2125 514 2146 et
531 2121 633 2146 dictam
651 2119 807 2145 Romanam
825 2120 974 2145 ecclesiam
992 2125 1193 2153 augmentetur
1209 2123 1257 2146 de-

295 2170 379 2200 votio,
394 2170 544 2203 cupientes
555 2170 619 2201 ejus
631 2170 767 2202 quantum
780 2176 844 2193 cum
862 2168 920 2193 Deo
935 2177 1089 2202 possumus
1107 2170 1257 2203 petitiones

295 2218 458 2254 apostolicis
476 2217 610 2251 prosequi
626 2216 721 2250 gracia
744 2221 772 2242 et
795 2217 907 2247 favore,
927 2217 1089 2251 dictamque
1106 2219 1255 2245 ecclesiam

295 2268 386 2294 sancti
407 2266 544 2300 Stephani
565 2265 608 2291 sic
630 2268 753 2291 erectam
779 2265 936 2298 privilegiis
956 2270 984 2291 et
1004 2266 1109 2296 ¹egi-aciis
1134 2266 1256 2299 amplius

295 2316 446 2346 decorare,
464 2314 557 2349 ipsius
573 2313 655 2339 ducis
676 2313 702 2339 iu
725 2314 777 2339 hac
799 2318 877 2348 parte
899 2313 1159 2348 supplicationibus
1175 2315 1257 2340 incli-

296 2364 369 2394 nati,
386 2363 552 2389 discretioni
570 2366 663 2388 vestre
687 2370 735 2396 per
752 2362 909 2396 apostolica
928 2363 1034 2396 scripta
1049 2362 1256 2389 committimus

294 2417 323 2439 et.
339 2412 505 2438 mandamus
520 2411 655 2445 quatinus
677 2418 727 2436 vos
744 2411 786 2436 vel
802 2411 857 2436 duo
880 2414 1018 2444 vestrum,
1034 2418 1100 2436 cum
1117 2412 1256 2444 premissa

295 2460 486 2495 fuerintjuxta
499 2459 688 2494 predictarum
700 2459 855 2485 litterarum
869 2458 1079 2485 continenciam
1089 2463 1116 2485 et
1128 2463 1255 2486 tenorem

295 2511 367 2536 facta
379 2514 406 2535 et
419 2509 568 2543 completa,
577 2508 744 2534 auctoritate
755 2507 909 2541 apostolica
920 2508 1106 2541 prepositum,
1118 2513 1237 2542 excepto
1246 2511 1257 2528 ²

299 2654 359 2686 1511
382 2662 502 2687 marique
524 2653 559 2678 ici
580 2652 702 2686 quelque
717 2653 814 2678 chose.
833 2652 868 2677 La
885 2652 1087 2686 transcriptiou
1106 2653 1140 2678 ‹le
1157 2662 1188 2678 ce
1205 2654 1256 2679 do-

260 2707 376 2730 cument
397 2703 467 2727 dans
491 2702 515 2726 le
539 2701 670 2734 liegistre
686 2700 822 2727 d'Urbain
843 2700 864 2724 V
883 2702 954 2733 (ltey.
970 2700 1031 2732 253,
1049 2702 1069 2728 f.
1087 2701 1129 2734 83)
1148 2706 1257 2735 permet

262 2752 296 2778 de
312 2752 446 2785 suppleer
469 2761 473 2776 :
496 2759 525 2775 ac
547 2752 598 2783 ipse
618 2751 674 2775 dut
691 2750 826 2775 desiderat
848 2757 980 2782 premissa
1000 2751 1094 2775 υηιηία
1112 2752 1141 2775 in
1156 2759 1256 2784 parro-

261 2801 347 2827 chiali
366 2801 473 2825 ecclesia
492 2808 512 2824 s.
534 2799 664 2831 Stephani
684 2799 853 2825 Wtennensts
868 2799 936 2823 dir-te
956 2799 1076 2830 diocesis,
1095 2800 1123 2824 ιἰι
1140 2807 1193 2831 qua
1208 2801 1256 2832 jus

261 2851 361 2877 obtinet
383 2849 560 2882 patronatus,
579 2849 639 2879 fieri
660 2850 684 2873 et
707 2849 792 2873 eciam
812 2848 970 2880 adimpleri.
997 2847 1071 2873 l’our
1092 2849 1116 2873 lo
1138 2848 1198 2874 dire.
1221 2857 1254 2874 en

261 2901 389 2933 passant,
413 2900 488 2922 cette
512 2897 714 2930 transcription
742 2905 776 2922 ne
798 2896 939 2922 concorde
965 2904 1015 2930 pas
1037 2904 1071 2922 en
1095 2901 1156 2922 tout
1178 2897 1257 2931 point

261 2955 330 2974 avec
346 2946 371 2972 la
386 2947 476 2972 neti-e.

297 2995 324 3022 2.
342 2994 405 3023 Cod.
421 2996 564 3029 precepto.

802 349 851 377 LE
876 348 1018 377 LIBER
1041 346 1274 377 CENSUUM
1297 346 1351 376 DE
1373 339 1559 376 L'EGLISE
1582 346 1790 376 ROMAINE.

1372 413 1398 439 in
1425 413 1480 438 illis
1501 421 1556 446 que
1579 417 1757 439 concernunt
1778 421 1875 439 curam
1899 413 2057 439 animarum
2081 415 2334 448 parrochianorum

1371 461 1446 487 dicte
1467 462 1597 493 ecclesie,
1616 463 1643 488 in
1660 462 1765 495 quibus
1785 470 1850 488 eum
1873 462 2005 488 volumus
2025 462 2218 496 predictorum
2241 463 2338 490 archi-

1371 511 1499 544 episcopi
1523 514 1550 535 et
1570 510 1698 544 episcopi
1719 514 1746 536 et
1766 510 1886 536 aliorum
1908 511 2090 543 superiorum
2112 518 2230 537 suorum
2245 511 2338 545 juris—-

1371 558 1487 584 dictioni
1507 558 1628 584 subesse
1641 558 1716 584 sicut
1733 563 1859 584 rectores
1874 558 2004 592 ejusdem
2020 559 2142 584 ecclesie
2157 561 2205 593 qui
2222 560 2338 586 suerunt

1373 615 1422 641 pro
1439 611 1565 640 tempore
1581 607 1704 632 subesse
1728 611 1958 638 consueverunt,
1983 615 2016 632 ac
2031 607 2184 633 canonicos
2201 611 2228 633 et
2244 608 2339 634 eccle-

1372 656 1442 681 siam
1460 656 1502 681 sic
1518 660 1640 681 erectam
1659 655 1801 689 predictos
1816 663 1881 681 cum
1899 656 1963 689 ejus
1980 656 2110 688 personis
2126 660 2154 682 et
2170 656 2306 683 membris
2321 665 2338 683 a

1372 704 1562 737 predictorum
1580 703 1787 738 archiepiscopi
1810 707 1838 729 et
1854 704 1983 738 episcopi
2000 707 2027 729 et
2045 712 2248 730 successorum
2268 712 2337 731 suo-

1372 761 1433 777 rum
1446 753 1494 786 qui
1506 757 1589 778 erunt
1601 761 1650 786 pro
1662 752 2009 786 temporejurisdictione,
2020 756 2159 786 potestate
2171 756 2199 779 et
2209 752 2334 780 dominio

1372 801 1504 826 eximatis
1525 804 1552 826 et
1574 801 1697 826 totaliter
1713 800 1856 832 liberetis,
1872 800 2032 826 districtius
2054 800 2207 827 inhibendo
2227 801 2336 828 eisdem

1372 850 1589 884 archiepiscopo
1599 854 1626 875 ct
1637 850 1773 883 episcopo
1785 857 1818 875 ac
1829 849 2050 875 successorihus
2063 858 2097 875 ne
2109 850 2135 876 in
2150 851 2337 884 prepositum,

1373 898 1428 924 illis
1448 898 1594 924 dumtaxat
1619 898 1749 933 exceptis
1774 906 1829 932 que
1849 902 2029 924 concernunt
2054 906 2151 924 curam
2176 898 2337 924 animarum

1373 947 1622 980 parrochianorunt
1647 947 1738 980 ipsius
1763 947 1895 977 ecclesie,
1920 947 2144 980 canonicosque,
2168 946 2337 978 ecclesiam,

1373 1003 1510 1028 personas
1538 1000 1566 1020 et
1595 995 1721 1021 membra
1745 995 1887 1029 predicta,
1910 995 2159 1028 jurisdictionem,
2178 995 2338 1022 dominium

1372 1048 1421 1069 aut
1438 1048 1605 1077 potestatem
1634 1044 1755 1077 aliquam
1780 1051 1915 1069 exercere
1938 1048 2124 1076 presumant;
2146 1052 2178 1069 ac
2204 1044 2350 1070 statuatis»

1373 1097 1400 1117 et
1421 1092 1559 1117 ordinetis
1583 1093 1657 1125 quod
1682 1092 1743 1126 ipse
1769 1092 1933 1125 prepositus
1956 1091 2017 1117 sedi
2041 1091 2209 1125 apostolico,
2229 1095 2339 1126 preter-

1373 1149 1456 1174 quam
1482 1141 1507 1166 in
1534 1141 1587 1167 illis
1611 1150 1666 1174 que
1684 1145 1862 1166 concernunt
1880 1148 1975 1166 curam
1994 1141 2151 1166 animarum
2174 1140 2340 1174 parrochia-

1375 1199 1474 1215 norum
1488 1190 1562 1215 dicte
1578 1191 1700 1216 ecclesie
1712 1190 1868 1219 dumtaxat,
1882 1190 2045 1215 immediate
2057 1189 2208 1222 subjectus
2223 1189 2338 1223 existat,

1373 1243 1400 1264 et
1417 1239 1448 1264 ad
1463 1239 1599 1265 indicium
1613 1239 1777 1273 hujusmodi
1793 1243 1924 1273 percepte
1939 1238 2077 1263 libertatis
2094 1247 2181 1264 unum
2199 1238 2339 1264 fertonem

1375 1288 1434 1321 puri
1453 1288 1512 1313 auri
1530 1288 1576 1321 qui
1594 1296 1637 1313 xvi
1650 1288 1775 1313 florenos
1791 1287 1852 1312 auri
1869 1288 1969 1315 valeat.
1987 1288 2070 1312 annis
2087 1287 2210 1320 singulis
2226 1293 2340 1312 camere

1373 1337 1529 1370 apostolice
1553 1337 1579 1362 in
1600 1336 1675 1362 dicto
1701 1336 1772 1361 sesto
1796 1336 1942 1361 beatorum
1971 1335 2044 1361 Petri
2071 1340 2098 1360 et
2125 1335 2201 1361 l‘auli
2227 1335 2339 1360 solvere

1375 1389 1520 1417 teneatur¹
1539 1385 1672 1418 quodque
1688 1384 1720 1409 ad
1739 1384 1830 1417 ipsam
1853 1383 2061 1417 preposituram
2079 1387 2107 1409 et
2123 1383 2156 1408 ad
2173 1382 2340 1417 hujusmodi

1374 1435 1443 1459 alias
1466 1434 1637 1464 dignitates,
1669 1436 1839 1466 personatus
1861 1440 1892 1457 ac
1921 1432 2107 1457 canonicatus
2130 1436 2157 1457 et
2179 1431 2339 1465 prehendas

1376 1491 1560 1517 personarum
1582 1482 1757 1515 ydonearum
1781 1485 1809 1506 ct
1833 1481 1916 1506 etiam
1945 1481 2108 1515 hujusmodi
2137 1485 2339 1514 perpetuorum

1375 1532 1583 1564 capellanorum
1602 1534 1656 1555 tam
1679 1530 1730 1555 hac
1747 1529 1880 1563 primaria
1899 1530 1959 1555 vice
1976 1538 2059 1563 quam
2079 1530 2148 1555 alias
2165 1529 2340 1563 presentatio

1374 1581 1405 1606 ad
1420 1580 1513 1614 ipsum
1527 1579 1710 1613 Rudolphum
1724 1578 1825 1604 ducem
1838 1586 1870 1604 eo
1884 1578 1909 1604 iu
1929 1578 2061 1604 humanis
2076 1582 2205 1611 argente,
2221 1586 2254 1604 eo
2272 1586 2340 1604 vero

1376 1629 1461 1654 rebus
1484 1628 1616 1654 humanis
1642 1631 1774 1660 exempto
1800 1626 1833 1652 ad
1859 1627 2001 1652 seniorem
2024 1627 2124 1652 ducem
2148 1626 2264 1652 Austrie
2289 1633 2340 1659 pro

1375 1681 1502 1711 tempore
1517 1676 1704 1708 existentem,
1722 1679 1749 1701 et
1768 1675 1932 1709 hujusmodi
1950 1674 2170 1708 presentationis
2186 1674 2218 1700 ad
2237 1682 2340 1709 prepo-

1374 1727 1492 1751 situram
1515 1725 1652 1750 admissio
1676 1728 1703 1749 et
1722 1723 1790 1749 dicti
1813 1723 1949 1758 prepositi
1972 1723 2113 1749 institutio
2133 1723 2281 1748 dumtaxat
2303 1721 2339 1748 ad

1375 1773 1536 1799 Romanum
1556 1772 1727 1806 pontificem,
1742 1779 1861 1797 necnon
1879 1771 2123 1806 presentationum
2140 1771 2257 1797 aliarum
2276 1779 2340 1805 per-

1374 1829 1509 1847 sonarum
1532 1821 1566 1846 ad
1587 1822 1656 1846 alias
1677 1821 1846 1853 dignitates,
1870 1825 2041 1854 personatus
2056 1828 2088 1846 ac
2103 1819 2289 1846 canonicatus
2312 1822 2341 1846 et

1376 1871 1549 1905 prebendas,
1576 1874 1604 1895 et
1628 1870 1710 1895 etiam
1737 1869 1876 1894 dictorum
1903 1872 2104 1902 perpetuorum
2128 1869 2339 1902 capellanorum

1375 1920 1511 1945 admissio
1539 1924 1565 1944 et
1598 1920 1723 1953 ipsarum
1749 1926 1934 1952 personarum
1966 1918 2131 1951 hujusmodi
2158 1918 2221 1943 aliis
2244 1917 2340 1951 digni-

1376 1969 1497 2001 tatibus,
1526 1967 1744 2002 personatibus.
1771 1966 1989 1992 canonicatibus
2014 1971 2041 1992 et
2068 1966 2218 1997 prebendis
2242 1973 2274 1992 ac
2290 1973 2339 1992 ca-

1376 2018 1550 2052 pellanorum
1570 2022 1770 2050 perpetuorum
1796 2017 1938 2041 institutio
1962 2022 1989 2041 et
2009 2016 2164 2041 officiorum
2182 2015 2340 2041 eorundem

1375 2066 1486 2092 collatio
1498 2065 1531 2091 ad
1546 2066 1720 2099 prepositum
1734 2065 1863 2098 ejusdem
1877 2065 1999 2090 ecclesie
2012 2066 2073 2098 ipsa
2091 2064 2271 2098 prepositura
2284 2071 2340 2089 non

1375 2118 1502 2144 vacante,
1517 2122 1548 2139 ea
1567 2122 1633 2139 vero
1646 2118 1763 2139 vacante
1779 2112 1812 2138 ad
1825 2113 2015 2146 antiquiorem
2030 2114 2113 2146 juxta
2129 2120 2180 2138 sue
2197 2112 2341 2146 receptio-

1375 2164 1419 2189 nis
1441 2163 1567 2189 ordinem
1585 2162 1713 2196 ejusdem
1732 2162 1853 2188 ecclesie
1876 2161 2045 2187 canonicum
2070 2161 2097 2187 in
2117 2170 2148 2186 ea
2172 2161 2340 2195 dignitatem

1374 2212 1549 2237 obtinentem
1568 2220 1617 2244 per
1634 2212 1711 2244 ipsos
1728 2211 1902 2244 prepositum
1920 2215 1948 2236 et.
1963 2209 2151 2243 antiquiorem
2169 2209 2340 2236 canonicum

1374 2262 1519 2287 faciendas
1540 2262 1566 2286 iu
1589 2264 1756 2294 perpetuum
1779 2260 1882 2285 futuris
1905 2259 2082 2292 temporibus
2105 2262 2272 2292 pertineant.
2296 2258 2341 2284 lta

1373 2314 1466 2335 tamen
1484 2309 1557 2343 quod
1575 2310 1663 2334 duces
1681 2307 1799 2342 predicti
1816 2307 1848 2333 ad
1868 2308 2075 2341 preposituram
2094 2314 2180 2332 uuum
2199 2314 2233 2332 cx
2250 2314 2339 2332 cano-

1375 2358 1447 2384 nicis
1470 2358 1545 2384 dicte
1565 2357 1701 2387 ecclesie,
1723 2356 1901 2382 sacerdotem
1924 2355 1966 2380 vel
1984 2355 2030 2388 qui
2049 2354 2121 2380 infra
2136 2362 2241 2380 annum
2255 2356 2341 2389 juxta

1374 2415 1471 2433 sacros
1487 2414 1612 2433 canones
1629 2406 1718 2432 valeat
1739 2405 1772 2431 ad
1788 2404 1979 2431 sacerdotium
1999 2404 2168 2438 promoveri,
2186 2407 2214 2430 et
2231 2403 2267 2430 ad
2282 2404 2340 2429 hu-

1371 2456 1499 2490 jusmodi
1511 2456 1580 2481 alias
1593 2455 1757 2488 dignitates,
1775 2457 1955 2488 personatus,
1972 2452 2158 2478 canonicatus
2173 2456 2201 2478 et
2217 2452 2341 2486 prehen-

1363 2505 1425 2531 ›das
1448 2512 1585 2539 personas
1609 2506 1690 2538 aptas
1711 2507 1739 2529 et
1758 2502 1885 2536 ydoneas
1909 2503 1935 2527 in
1959 2501 2124 2527 sacerdocio
2149 2502 2338 2532 constitutas,

1374 2554 1418 2579 vel
1433 2562 1488 2588 que
1505 2552 1587 2579 modo
1603 2552 1688 2578 simili
1702 2551 1737 2577 ad
1753 2550 1948 2577 sacerdocium
1968 2549 2127 2584 promoveri
2144 2550 2257 2584 possint
2272 2557 2341 2584 pre-

1373 2606 1486 2629 sentare
1503 2605 1670 2631 teneantui·;
1693 2600 1844 2634 eidemque
1869 2598 2013 2634 preposito
2036 2602 2065 2624 ut
2087 2606 2153 2624 cum
2178 2599 2272 2629 mitra,
2290 2598 2340 2625 ba-

1373 2651 1437 2677 culo
1458 2650 1589 2685 pastorali
1605 2653 1633 2676 et
1651 2649 1716 2675 aliis
1737 2647 1948 2683 pontificalibus
1966 2647 2099 2680 insigniis
2117 2650 2145 2672 et
2163 2647 2340 2673 ornamentis

1373 2699 1468 2726 divina
1484 2699 1574 2725 officia
1590 2699 1616 2724 in
1633 2697 1731 2724 eadem
1748 2697 1870 2723 ecclesia
1885 2695 2044 2725 celebrare,
2062 2695 2196 2729 quodque
2216 2696 2279 2730 ipse
2295 2695 2338 2721 vel

1373 2750 1438 2782 ejus
1449 2748 1542 2774 locum
1558 2750 1661 2773 tenens
1676 2745 1794 2772 cuilibet
1809 2753 1844 2771 ex
1858 2744 2006 2771 canonicis
2016 2743 2092 2769 dicte
2102 2743 2224 2769 ecclesie
2241 2747 2271 2770 ut
2286 2751 2339 2778 pro

1374 2797 1418 2822 sui
1434 2789 1564 2830 corporis
1582 2795 1770 2825 necessitate,
1788 2793 1831 2819 vel
1847 2793 1917 2819 alias
1933 2791 2064 2818 honestis
2084 2795 2113 2818 et
2127 2791 2212 2819 licitis
2227 2793 2337 2824 causis,

1374 2846 1451 2871 omni
1468 2845 1531 2870 dolo
1546 2847 1689 2877 cessante,
1705 2851 1736 2869 se
1750 2850 1801 2878 pro
1816 2846 1894 2869 certo
1909 2847 2046 2876 tempore,
2064 2844 2148 2875 prout
2163 2841 2218 2875 ipsi
2234 2849 2340 2876 prepo-

1374 2895 1429 2920 sito
1452 2902 1503 2919 seu
1524 2893 1617 2919 locum
1638 2893 1747 2918 tenenti
1768 2890 1959 2918 consideratis
1980 2889 2085 2916 debitis
2106 2889 2339 2916 circumstanciis

1374 2943 1528 2975 videbitur,
1541 2949 1573 2967 se
1588 2941 1622 2967 ab
1638 2940 1700 2976 ipsa
1713 2940 1834 2967 ecclesia
1848 2939 2000 2965 absentare
2016 2941 2045 2964 et
2058 2938 2121 2964 loca
2133 2938 2186 2964 alia
2201 2937 2279 2964 adire
2293 2946 2339 2964 va-

1374 2991 1449 3017 leant
1460 2990 1609 3024 indulgere
1619 2989 1741 3024 possint,
1752 2988 1975 3023 quibuscunque
1986 2985 2243 3013 constitutionibus
2254 2994 2340 3020 apos·
