2423 3540
201 345 254 373 124

239 410 442 439 dicationem.
469 410 503 438 ln
527 410 657 447 cingulo
681 414 806 438 notatur
823 410 975 439 castitatis
991 409 1200 439 continentia.

240 463 272 491 in
300 472 403 501 punga
423 462 643 499 gazofilacium
663 471 725 501 quo
744 472 897 500 pauperes
918 463 1037 492 Christi
1059 462 1203 491 nutrian-

241 521 290 544 tur
306 520 334 544 et
355 516 462 549 vidue,
482 515 512 543 in
533 515 596 544 XII
615 515 730 551 sigillis
747 515 809 544 XII
827 515 1042 553 apostolorum
1060 519 1204 553 precepta

240 569 421 605 signantur.
443 569 589 596 Muscnm
613 567 790 597 includitur
807 568 842 597 ad
864 568 1105 606 percipiendum
1128 567 1203 597 odo-

242 630 318 653 rem,
348 626 379 649 nt
408 626 451 649 ait
473 620 632 658 apostolus
659 630 664 649 1
693 633 705 646 ιι
734 620 852 649 Christi
879 621 980 649 bonus
1003 620 1079 649 odor
1095 628 1205 648 sumus

243 674 317 702 Deo.
349 686 360 698 n
385 674 419 701 ln
441 683 501 710 qna
523 673 596 701 sede
618 673 692 701 dnm
719 673 806 701 sedet
824 672 943 701 electus
964 673 1074 710 recipit
1095 681 1206 701 omnes

240 726 390 755 officiales
418 726 523 763 palatii
551 725 590 753 ad
621 725 713 763 pedes
741 730 770 753 et
793 730 899 762 postea
921 725 959 754 ad
982 725 1140 754 osculnm.
1171 725 1207 754 Et

243 784 314 807 tunc
332 779 449 808 ibidem
469 778 582 807 sedens
606 778 716 815 recipit
731 778 769 807 de
787 787 883 807 manu
901 778 1070 807 camerarii
1087 787 1201 816 argen-

243 836 305 860 teos
340 840 509 865 nummos,
537 836 567 859 et
596 831 709 868 proicit
738 839 789 860 eos
819 841 914 870 super
949 831 1111 869 populum.
1141 832 1205 861 Hoc

241 884 330 916 facto,
351 884 441 912 tertio
459 884 594 913 dicendo
622 895 628 913 :
658 897 670 909 ιι
704 884 857 922 Dispersit
882 885 971 913 dedit
994 885 1204 922 pauperibus,

239 937 359 974 justitia
390 937 458 973 ejus
491 942 599 965 manet
632 938 662 965 in
698 937 841 965 seculum
879 937 977 966 seculi
1011 950 1022 962 >³
1039 962 1045 969 ,
1076 937 1204 966 demum

241 989 380 1027 procedit
417 998 470 1027 per
506 990 605 1026 ipsam
641 990 769 1027 longam
804 990 960 1028 porticum
999 990 1058 1019 snb
1089 999 1206 1028 yconas

239 1042 453 1080 apostolorum
480 1051 541 1080 que
572 1052 626 1080 per
652 1051 739 1071 mare
772 1043 905 1072 Romani
935 1048 1092 1072 venerunt
1118 1043 1207 1072 nullo

241 1095 390 1129 ductore,
426 1099 455 1123 et
488 1095 586 1123 intrat
621 1095 784 1125 basilicam
825 1097 925 1125 sancti
962 1097 1134 1125 Laurentii.
1170 1097 1205 1125 In

240 1157 301 1185 qua
339 1153 504 1186 postquam
547 1148 705 1185 peregerit
743 1149 896 1186 prolixam
935 1154 1008 1178 ante
1044 1149 1204 1187 proprium

240 1204 269 1229 et
306 1200 442 1237 speciale
478 1200 577 1229 altare
612 1201 813 1237 orationem,
848 1202 949 1239 pei-git
985 1202 1024 1230 ad
1064 1202 1206 1240 papalem

241 1262 398 1281 camerani
415 1277 421 1289 ,
454 1253 506 1282 ubi
539 1262 613 1282 cum
646 1262 702 1291 pro
732 1263 791 1282 sua
822 1254 983 1284 voluntate
1017 1256 1207 1292 pausaverit,

243 1306 343 1344 pergit
370 1306 407 1335 ad
433 1316 589 1345 men-sam.
620 1307 694 1336 Post
722 1307 778 1336 bec
805 1308 838 1336 in
868 1308 1010 1346 proximo
1035 1308 1086 1337 die
1110 1309 1210 1338 domi-

243 1360 313 1389 nico
343 1360 493 1389 dominus
519 1360 639 1389 electus
663 1370 733 1390 cum
767 1361 917 1391 omnibus
940 1362 1107 1391 ordinibus
1130 1363 1208 1391 sacri

244 1412 351 1450 palatii
378 1419 407 1442 et
437 1413 600 1442 nobilibus
630 1414 782 1443 Romanis
805 1414 889 1443 vadit
914 1415 952 1443 ad
979 1419 1124 1443 sanctum
1148 1415 1209 1444 Pe-

243 1470 338 1501 trum,
369 1471 398 1494 et
422 1466 459 1494 ad
487 1466 586 1495 altare
613 1467 717 1504 majus
737 1471 827 1504 prout
849 1467 880 1496 iu
899 1467 1011 1496 ordine
1028 1468 1211 1497 continetur

242 1518 280 1547 ab
297 1518 452 1556 episcopis
476 1519 693 1548 cardinalibus
716 1524 928 1548 consecratur.
955 1521 1024 1555 Qua
1043 1529 1210 1550 consecra-

245 1571 328 1600 tione
356 1572 464 1607 linita,
496 1572 582 1609 prior
611 1572 689 1601 sacri
715 1572 821 1610 palatii
845 1578 874 1602 et
902 1573 1101 1602 basilicarius
1125 1575 1210 1612 pouit

245 1623 380 1661 palleum
407 1633 501 1662 super
526 1624 635 1660 altare,
659 1625 742 1663 quod
765 1626 831 1663 ipse
859 1626 943 1664 prior
961 1636 1070 1664 parare
1086 1627 1210 1665 propria

241 1685 337 1705 manu
364 1677 472 1710 debet,
503 1682 531 1706 et
559 1678 665 1706 statim
691 1678 938 1708 archidiaconus
966 1689 1037 1708 cum
1071 1681 1210 1709 secundo

239 1731 372 1760 diacono
385 1733 460 1761 dant
472 1733 503 1760 in
518 1741 633 1761 manus
649 1733 819 1771 pontificis,
834 1734 1210 1764 etsolusarcbidiaconus

238 1784 315 1813 <licit
328 1785 465 1823 pontifici
482 1797 487 1813 ε
506 1798 518 1811 α
534 1785 650 1823 Accipe
669 1786 819 1824 palleum,
837 1786 1071 1824 plenitudinem
1089 1787 1210 1817 scilicet

240 1837 433 1874 pontificalis
446 1838 551 1871 officii,
568 1838 606 1867 ad
621 1839 776 1868 honorem
789 1840 1018 1877 omnipotentis
1032 1840 1091 1869 Dei
1105 1845 1133 1869 et
1144 1841 1210 1877 glo-

240 1891 419 1920 riosissime
433 1892 569 1928 virginis
582 1893 650 1929 ejus
661 1893 827 1929 genitricis
839 1898 869 1922 et
880 1893 1042 1922 beatorum
1056 1895 1207 1932 apostolo-

241 1953 309 1971 rum
323 1944 407 1972 Petri
422 1949 450 1972 et
464 1944 554 1972 Pauli
569 1950 598 1973 et
611 1950 717 1973 sancte
732 1945 875 1974 ltomane
887 1946 1017 1975 ecclesie
1031 1951 1097 1981 met
1108 1947 1207 1976 nichil

239 1996 338 2026 aliud.
359 1997 395 2026 Et
411 1997 517 2026 statim
535 1998 602 2034 ipse
618 1998 868 2028 archidiaconus
884 2009 956 2028 cum
976 2001 1079 2037 priore
1098 2001 1206 2030 basili-

239 2050 324 2079 cario
335 2054 443 2087 aptant
457 2050 539 2079 idem
554 2050 691 2088 palleum
706 2060 802 2089 super
819 2052 999 2089 pontificem
1013 2054 1208 2083 intromissis

239 2102 377 2140 spinulis
395 2104 501 2132 aureis
520 2103 637 2138 tribus,
655 2109 728 2132 ante
745 2109 775 2133 et
801 2110 885 2134 retro
902 2110 931 2134 et
946 2106 1076 2135 sinistro
1092 2107 1207 2142 latere,

240 2156 272 2184 in
290 2156 391 2193 capite
407 2165 542 2194 quarum
559 2162 633 2185 sunt
650 2157 756 2186 innixi
777 2163 839 2187 tres
854 2159 1011 2195 jacintine
1026 2159 1164 2198 lapides;
1180 2167 1207 2189 et

239 2210 284 2238 sic
297 2215 429 2238 ornatus
444 2210 566 2239 accedit
589 2212 726 2248 pontifex
750 2212 788 2240 ad
812 2212 931 2243 altare.
955 2218 984 2241 et
1006 2214 1050 2242 ibi
1073 2214 1209 2243 celebrat

241 2262 414 2291 honorifice
432 2264 574 2291 missam.
597 2263 685 2292 Inl'ra
707 2265 798 2301 cujus
817 2264 1008 2303 sollempnia
1030 2267 1111 2295 fiunt
1132 2276 1209 2306 pon-

242 2315 316 2344 tifici
333 2315 443 2344 laudes
460 2325 477 2344 a
493 2316 626 2346 diacono
646 2317 801 2347 cardinali
820 2323 850 2347 et
871 2319 1077 2348 subdiaconis
1099 2320 1209 2349 basili—

240 2368 335 2397 cariis
352 2373 379 2397 et
397 2369 588 2397 scriniariis.
603 2370 734 2407 Propter
747 2380 827 2409 quas
843 2371 1209 2403 laudesarcliidiaconus

241 2421 352 2459 recipit
367 2431 399 2450 ιιι
413 2421 529 2451 solidos
541 2422 759 2457 denariorum,
773 2433 853 2462 quos
870 2425 986 2454 dividit
1000 2435 1053 2464 per
1068 2427 1207 2456 medium

239 2484 310 2502 rum
331 2474 432 2512 priore
449 2475 644 2509 basilicario„
663 2477 751 2505 etsie
769 2481 900 2515 uterque
917 2478 992 2507 ordo
1010 2479 1121 2517 recipit
1139 2489 1210 2518 por-

247 2527 364 2556 tionem
386 2536 440 2565 per
464 2537 595 2557 manum
616 2529 664 2557 sni
687 2529 811 2567 prioris
836 2530 999 2560 Celebrata
1022 2532 1119 2561 missa
1139 2533 1210 2562 des-

242 2581 348 2608 cendit
364 2580 400 2608 ad
420 2580 524 2609 locum
549 2581 602 2610 ubi
626 2587 671 2610 cst
690 2591 790 2620 equus
813 2583 934 2621 papalis
948 2588 1100 2619 ornatus,
1121 2591 1151 2615 et
1166 2586 1208 2615 ibi

243 2632 490 2662 archidiaconus
509 2634 620 2671 recipit
638 2635 769 2672 frigium
787 2645 803 2664 a
822 2636 934 2673 majori
952 2638 1076 2666 stratori
1094 2638 1132 2667 de
1149 2648 1211 2677 quo

245 2685 412 2714 :lominum
432 2695 542 2723 papam
567 2693 718 2722 coronat;
746 2693 775 2717 et
797 2689 843 2717 sic
866 2698 920 2727 per
941 2690 1078 2719 mediam
1101 2691 1209 2720 urbem

243 2738 372 2766 devenit
385 2738 423 2766 ad
442 2738 594 2776 palatium
610 2740 825 2769 Lateranense
842 2747 1020 2771 coronatus.
1040 2743 1098 2772 Per
1112 2753 1208 2781 qnam

244 2799 364 2818 sacram
384 2791 468 2819 viam
488 2793 597 2830 recipit
615 2797 677 2822 tam
694 2793 733 2822 ab
748 2794 900 2823 omnibus
916 2794 1040 2824 clericis
1058 2796 1211 2827 Romanis

246 2842 395 2871 bonorem
419 2843 561 2872 debitum
586 2845 618 2873 in
644 2846 783 2875 turibulo
800 2856 872 2875 cum
893 2847 1039 2881 incenso,
1057 2858 1153 2886 quam
1173 2851 1211 2880 ab

245 2896 395 2923 omnibus
412 2896 465 2933 qui
484 2895 570 2925 illam
594 2898 677 2926 viam
701 2907 736 2927 ex
762 2904 895 2937 utraque
919 2904 1004 2937 parte
1029 2901 1212 2932 inhabitant

245 2948 276 2976 in
303 2948 423 2976 ornatis
452 2948 598 2984 funibus,
628 2960 690 2988 qne
719 2951 815 2989 plene
838 2957 913 2993 sunt
936 2952 1021 2981 vasis
1048 2956 1154 2984 aureis
1182 2961 1212 2985 et

245 3000 405 3036 argenteis
426 3006 518 3038 atque
542 3003 780 3039 pretiosissimis
807 3004 945 3034 vestibus
965 3010 995 3034 et
1016 3007 1113 3036 variis
1135 3017 1209 3047 sup-

1144 340 1346 372 ALBINUS.

1328 408 1559 445 pellectilibns;
1586 419 1640 448 pro
1660 419 1723 448 quo
1745 411 1865 440 honore
1887 411 1994 440 debito
2019 411 2127 441 nullus
2151 417 2295 442 remanet

1328 461 1589 492 inremuneratus
1615 464 1718 502 papali
1743 464 1978 493 munificentia.
2001 465 2082 494 Cum
2107 470 2214 495 autem
2237 466 2293 496 do-

1329 514 1438 544 minus
1458 524 1535 553 papa
1555 517 1700 554 pervenit
1716 517 1755 546 ad
1775 517 1943 555 palatium,
1962 522 2134 556 antequam
2155 519 2194 548 de
2211 527 2294 557 equo

1328 566 1515 604 descendat,
1530 567 1727 597 descendunt
1740 569 1918 598 cardinales
1934 570 2111 608 presbiteri,
2129 576 2159 600 et
2172 575 2294 609 recepta

1328 620 1552 650 benedictione
1570 621 1689 651 faciunt
1706 623 1848 660 pontifici
1863 629 2048 653 consuetam
2066 624 2206 654 laudem.
2224 625 2294 661 Qua

1329 673 1438 707 finita,
1457 673 1585 711 judices
1607 675 1766 713 recipiunt
1790 675 2044 705 benedictionem
2061 700 2066 711 ‚
2083 681 2113 706 et
2134 682 2209 706 tunc
2231 676 2295 706 alta

1328 734 1404 755 voce
1430 726 1550 755 faciunt
1575 727 1705 756 domino
1727 737 1803 766 pape
1824 727 1945 757 landes.
1976 730 2044 767 lpsa
2070 729 2163 758 laude
2186 729 2293 766 finita,

1326 780 1450 818 judices
1466 780 1589 809 ducunt
1608 781 1713 819 ipsum
1734 782 1771 810 ad
1790 782 1940 820 palatium
1956 807 1962 818 ,
1984 783 2035 812 ubi
2061 784 2177 821 cuique
2199 784 2294 822 priori

1329 833 1473 862 debitum
1494 837 1523 863 et
1538 838 1725 864 consuetum
1746 836 1870 873 propria
1888 844 1985 864 manu
2001 836 2054 865 dat
2070 837 2293 875 presbiterium

1330 895 1385 924 pro
1400 886 1552 916 omnibus
1566 888 1613 915 sni
1631 887 1756 916 ordinis
1772 889 1827 926 qui
1842 888 1879 917 ad
1897 889 2129 926 processionem
2149 889 2293 925 veniunt,

1330 944 1364 969 ut
1379 940 1546 975 convenit,
1568 940 1690 975 induti;
1713 941 1888 979 unicuique
1906 942 2002 979 priori
2025 943 2250 980 presbiterium
2267 947 2296 972 et

1331 1002 1463 1022 manum
1479 993 1510 1022 in
1526 993 1658 1031 duplum
1677 994 1913 1032 presbiterium.

1371 1046 1486 1075 Nunc¹
1502 1046 1641 1084 qualiter
1656 1047 1793 1085 quisque
1809 1048 1886 1077 ordo
1901 1048 1934 1076 in
1951 1049 2150 1087 processione
2167 1049 2222 1078 tali
2242 1058 2294 1079 ve-

1331 1099 1400 1128 nire
1417 1099 1544 1135 debeat,
1565 1099 1790 1129 subscribitur.
1817 1101 1889 1130 Post
1906 1100 2076 1130 dominum
2096 1111 2207 1140 papam
2227 1111 2295 1140 pre-

1330 1151 1430 1181 fectus
1446 1151 1577 1181 indutus
1601 1157 1709 1182 manto
1731 1153 1866 1190 pretioso
1890 1159 1919 1182 et
1940 1153 2092 1184 calciatus
2112 1163 2208 1184 zanca
2233 1164 2298 1185 una

1331 1214 1438 1240 aurea,
1456 1204 1554 1234 altera
1572 1206 1679 1235 rubea.
1698 1211 1727 1235 et
1740 1207 1858 1235 circum
1878 1216 1949 1235 euin
1964 1207 2088 1245 judices
2106 1207 2298 1246 pluvialibus

1332 1258 1436 1287 induti
1450 1258 1613 1287 incedunt.
1629 1260 1712 1288 Ante
1725 1260 1907 1297 pontificem
1921 1259 2157 1299 aliquantulum
2173 1270 2297 1300 seques-

1334 1316 1431 1341 tratus
1462 1312 1582 1341 incedit
1617 1313 1702 1350 prior
1742 1313 1959 1342 subdiaconus
1994 1314 2193 1351 regionarius
2225 1323 2297 1344 cum

1335 1364 1466 1401 toalgia,
1487 1369 1519 1393 ut
1537 1374 1609 1394 cum
1628 1365 1763 1395 voluerit
1781 1366 1932 1395 dominus
1955 1375 2031 1405 papa
2049 1376 2180 1405 spuere,
2201 1367 2300 1405 possit

1333 1417 1390 1447 illo
1417 1426 1556 1456 gausape
1580 1427 1671 1447 suum
1698 1427 1732 1448 os
1759 1423 1898 1456 tergere,
1922 1424 1951 1448 et
1972 1419 2096 1448 diaconi
2118 1419 2298 1449 cardinales

1333 1471 1469 1509 proximi
1490 1480 1565 1509 pape
1583 1471 1650 1500 bini
1669 1471 1834 1506 incedunt,
1854 1478 1884 1502 et
1904 1477 1971 1510 post
1988 1473 2072 1511 ipsos
2088 1473 2274 1503 subdiaconi
2287 1476 2299 1493 ²

1332 1524 1521 1560 basilicarii,
1539 1534 1619 1562 quos
1641 1525 1815 1562 precedunt
1834 1528 1894 1554 tani
1913 1526 2102 1556 subdiaconi
2122 1526 2298 1563 regionarii

1332 1586 1429 1616 quam
1455 1577 1539 1607 scola
1565 1582 1730 1607 cautorum
1754 1587 1826 1607 cum
1853 1579 1954 1616 grecis
1980 1580 2035 1617 qui
2061 1584 2300 1609 consueverunt

1333 1630 1538 1668 evangelium
1557 1635 1585 1660 et
1603 1631 1768 1669 epistolam
1787 1632 1903 1670 legere.
1922 1633 1998 1662 lstos
2011 1633 2205 1663 antecedunt
2221 1634 2300 1663 scri-

1334 1684 1428 1713 niarii
1441 1688 1471 1713 et
1485 1685 1640 1714 advocati.
1655 1686 1739 1714 Ante
1756 1685 1814 1715 bos
1831 1686 1997 1724 presbiteri
2011 1687 2191 1716 cardinales
2205 1699 2211 1723 ;
2227 1691 2300 1716 ante

1333 1737 1409 1766 istos
1426 1738 1562 1776 episcopi
1576 1739 1754 1768 cardinales
1772 1744 1801 1768 et
1817 1739 1945 1769 abbates
1960 1740 2064 1780 urbis;
2082 1745 2112 1770 et
2126 1740 2299 1778 precedunt

1331 1791 1406 1820 istos
1429 1793 1454 1820 si
1478 1792 1533 1830 qui
1557 1796 1631 1821 sunt
1655 1792 1795 1822 forenses
1815 1793 1956 1832 episcopi
1977 1798 2032 1822 aut
2054 1793 2296 1832 archiepiscopi.

1333 1846 1416 1873 Ante
1428 1845 1502 1873 istos
1520 1845 1584 1874 duo
1597 1846 1724 1883 prefecti
1739 1846 1868 1875 navales
1879 1846 2072 1884 pluvialibus
2084 1847 2187 1877 induti
2201 1858 2208 1884 3
2225 1852 2299 1877 aute

1333 1897 1388 1927 hos
1406 1907 1478 1927 vero
1498 1903 1658 1936 portantes
1678 1899 1741 1928 XII
1761 1899 1874 1928 vexilla
1895 1909 1957 1938 que
1977 1900 2116 1930 bandora
2135 1905 2297 1935 vocantur,

1332 1955 1361 1979 et
1393 1960 1495 1989 equus
1523 1952 1646 1980 domini
1677 1961 1754 1990 pape
1786 1952 1951 1982 ranei-atus
1978 1957 2024 1982 set
2052 1962 2180 1983 vacuus.
2215 1955 2299 1983 Ante

1331 2013 1442 2034 omnes
1460 2004 1516 2033 bos
1535 2004 1649 2041 junior
1665 2005 1880 2035 subdiaconus
1899 2005 2100 2035 basilicarius
2116 2015 2188 2035 cum
2205 2015 2299 2037 cruce

1331 2057 1453 2087 domini
1474 2067 1561 2096 pape.
1582 2058 1789 2096 Maj01·entini
1810 2067 1883 2088 vero
1905 2059 2024 2088 milites
2041 2068 2114 2088 cum
2135 2058 2299 2089 mantellis

1331 2110 1442 2139 sericis
1461 2111 1666 2140 antecedunt.
1686 2111 1737 2140 Set
1755 2111 2002 2141 archidiaconus
2019 2117 2047 2141 et
2064 2112 2151 2150 prior
2167 2112 2299 2142 basilice

1332 2164 1411 2192 sacri
1429 2164 1537 2202 palatii
1557 2165 1780 2193 Lateranensis
1801 2175 1872 2194 cnm
1898 2165 1999 2194 serula
2020 2165 2137 2195 debent
2154 2170 2188 2195 ut
2203 2175 2298 2204 supra

1332 2217 1451 2246 dictum
1476 2222 1523 2246 est
1545 2218 1696 2247 ordinare
1723 2219 1956 2256 processionem
1981 2223 2010 2248 et
2037 2228 2076 2248 ne
2098 2220 2170 2257 quis
2196 2219 2296 2258 ipsam

1331 2271 1546 2309 interrumpat
1564 2271 1680 2300 debent
1697 2271 1895 2307 discurrere,
1915 2277 1943 2301 et
1970 2273 2153 2310 frequenter
2172 2273 2210 2302 ad
2233 2272 2299 2302 loca

1332 2324 1456 2362 propria
1475 2324 1589 2359 redire,
1608 2325 1853 2353 archidiaconus
1868 2325 1950 2354 inter
1961 2325 2130 2355 dominum
2144 2334 2256 2364 papam
2269 2330 2300 2355 et

1331 2377 1512 2406 cardinales
1535 2377 1705 2412 diaconos,
1730 2379 1814 2415 prior
1842 2378 1970 2407 basilice
1998 2379 2220 2408 Latet-ariensis
2244 2388 2298 2417 pa-

1332 2430 1400 2459 latii
1421 2431 1511 2468 juxta
1532 2431 1764 2468 primicerium,
1793 2432 1875 2460 inter
1897 2431 2048 2461 diaconos
2071 2432 2252 2462 cardinales
2269 2437 2300 2462 et

1333 2483 1554 2513 subdiaconos.
1589 2484 1669 2512 Cum
1706 2488 1810 2513 antem
1842 2484 1994 2513 dominus
2026 2494 2103 2523 papa
2131 2486 2300 2515 intraverit

1333 2546 1424 2566 suam
1442 2546 1601 2566 cameram
1620 2537 1731 2576 recipit
1749 2543 1821 2567 ante
1838 2547 1870 2566 se
1889 2538 2037 2575 toalgiam
2055 2544 2084 2568 et
2102 2539 2213 2568 tribuit
2226 2548 2299 2577 pro-

1334 2590 1401 2628 pria
1418 2599 1513 2619 manu
1524 2590 1760 2628 presbiterium,
1779 2591 1870 2620 cuiiu
1882 2600 1983 2629 nappo
1993 2595 2144 2628 argenteo
2155 2592 2297 2630 porrIgit,

1333 2643 1415 2672 sicut
1430 2644 1590 2678 convenit,
1609 2645 1814 2672 camerarius.

1374 2696 1516 2726 Prelecto
1539 2696 1591 2725 dat
1612 2696 1762 2725 dominus
1786 2706 1865 2735 papa
1888 2706 1925 2726 xx
1953 2697 2071 2727 solidos
2094 2698 2298 2728 denariorum

1335 2754 1364 2778 et
1382 2758 1534 2789 manum;
1556 2749 1737 2786 primicerio
1751 2750 1897 2787 judicum
1913 2759 1957 2779 1111
1972 2750 2090 2780 solidos
2104 2754 2134 2779 et
2150 2759 2298 2787 manum3

1335 2802 1464 2840 unicniq
1472 2802 1625 2839 uejudieu
1633 2811 1660 2830 m
1675 2811 1719 2831 ιιιι
1731 2802 1847 2832 solidos
1858 2813 1866 2836 ;
1879 2803 1972 2841 priori
1982 2803 2125 2841 episcopo
2135 2813 2142 2832 1
2154 2803 2300 2833 morabu-

1332 2967 1354 2993 1.
1373 2966 1415 2993 Cf.
1435 2966 1524 2993 l'Ordo
1539 2967 1574 2992 de
1591 2967 1726 2998 Oeneius,
1743 2975 1768 2993 c.
1787 2968 1800 2993 Τ
1818 2971 1849 3000 (t.
1869 2966 1889 2999 Ι,
1909 2976 1935 3001 1).
1952 2967 2025 3000 292).

1329 3018 1355 3041 ι’.
1372 3016 1435 3041 cuii.
1455 3016 1660 3043 subdiaconos.
2035 3021 2037 3023 ’
