2423 3540
186 362 222 389 88

1132 363 1332 394 ALBINL‘S.

227 428 322 456 etiam
340 428 542 465 deprimebar
560 428 696 457 infelicis
714 438 811 458 onere
829 430 1040 468 paupertatis,
1067 430 1190 458 favebat

227 480 379 509 voluntati
398 482 571 518 capacitas,
590 482 641 509 sed
660 481 809 510 obviabat
830 483 990 511 tenacitati
1015 482 1187 516 memoria,

225 534 299 571 quia
321 543 391 562 cnm
419 534 569 571 propheta
596 535 757 563 mercedes
784 536 1033 572 congregabam‚
1059 536 1113 565 sed
1137 544 1189 563 eas

224 587 443 624 marsuppium
458 592 619 624 pertusum
636 589 828 617 effundebat.
845 589 980 626 Fragilis
994 592 1059 617 erat
1072 597 1189 617 memo-

225 639 271 667 ria
289 645 318 668 et
336 649 439 668 rernm
460 641 548 669 turbe
566 641 673 669 minus
690 641 884 678 sufficiebat;
910 642 994 680 qnod
1017 642 1187 671 audiebam

225 692 325 729 pridie
352 702 413 721 non
438 698 578 730 poteram
602 693 720 722 referre
746 695 907 731 postridie,
933 695 1007 732 quia
1030 695 1188 732 recipiens

223 745 384 772 emittebat
401 749 429 773 et
445 745 575 783 antiqua
592 746 774 775 recentibus
792 747 955 776 obruebat.
976 748 1092 776 Passus
1115 755 1187 776 snm

224 798 282 829 1100
299 798 505 835 dispendium
524 804 553 827 et
570 800 671 837 patior
692 801 780 829 omni
804 805 955 838 tempore.
973 800 1119 838 Cumque
1137 809 1188 829 me

226 850 297 879 talis
319 851 470 879 sednlitas
489 852 633 889 angustie
650 853 824 890 detineret,
846 854 955 882 andivi
974 855 1104 882 docente
1121 862 1186 881 ma-

222 904 320 939 gistro
345 904 526 941 parabolam
547 906 578 933 in
600 905 767 935 parabolis
789 916 850 944 que
872 916 922 936 me
943 907 1068 936 monuit
1090 907 1187 944 respi-

695 959 803 989 stellio
831 960 982 989 manibus
1013 960 1126 989 nititur
1159 963 1189 989 et

222 1009 342 1038 habitat
362 1010 392 1038 in
411 1011 548 1040 edificiis
565 1016 706 1049 reguni'.
726 1025 739 1037 »
759 1013 859 1051 Super
875 1022 971 1051 quem
989 1013 1094 1042 locum
1118 1022 1186 1041 ma-

223 965 301 985 rare.
337 957 466 986 Dicebat
498 958 615 987 enim:
654 974 666 984 ‹-

221 1063 319 1099 gister
341 1064 385 1092 sic
409 1065 584 1101 exponebat
609 1065 693 1102 quod
718 1065 907 1104 plerumque
933 1075 1006 1095 aves
1037 1074 1117 1104 quas
1148 1066 1186 1095 ad

223 1115 397 1145 volandum
429 1126 533 1155 penna
563 1118 706 1147 sublevat
733 1119 764 1147 in
793 1120 941 1157 vepribus
971 1119 1127 1153 resident,
1159 1122 1188 1147 et

222 1168 326 1198 stellio
350 1171 500 1199 manibus
518 1171 623 1199 nitens
647 1180 758 1208 regum
784 1172 910 1201 edilicia
929 1176 1023 1201 tenet.
1050 1172 1102 1201 Sic
1123 1173 1187 1211 ple·

222 1230 357 1259 rumque
376 1222 536 1259 ingeniosi
553 1228 582 1252 et
598 1232 679 1261 quos
697 1223 853 1253 librorum
875 1225 964 1262 copia
984 1224 1092 1261 fulcit,
1111 1226 1185 1253 dnm

221 1283 276 1311 per
296 1274 524 1311 negligentiam
544 1280 681 1314 torpent,
704 1277 735 1305 in
754 1278 903 1315 vepribus
928 1278 1087 1313 resident;
1109 1278 1188 1307 sim-

221 1326 318 1365 plices
350 1337 424 1358 vero
452 1329 556 1367 qualis
587 1335 616 1359 et
645 1339 702 1367 ego
733 1340 838 1366 eram,
871 1340 950 1369 quos
979 1340 1035 1360 1100
1062 1331 1187 1368 ingenii

220 1389 343 1418 penna,
377 1391 433 1411 nec
466 1382 621 1412 librorum
651 1384 803 1421 suffragia
830 1393 888 1413 000
919 1394 1024 1413 rernm
1054 1384 1187 1413 facultas

220 1434 366 1470 adiuvat,
387 1435 487 1464 virtus
502 1436 711 1474 operationis,
728 1437 872 1466 anxietas
889 1437 1128 1474 sollicitudinis,
1148 1437 1187 1466 ad

218 1487 393 1524 optinenda
418 1490 524 1517 menia
542 1490 631 1526 regni
653 1489 744 1519 levat.
767 1491 808 1519 Ex
828 1494 904 1520 tunc
921 1491 1020 1527 igitur
1040 1492 1106 1529 cepi
1130 1491 1186 1520 niti

220 1541 368 1569 manibus
380 1541 555 1577 stellionis,
571 1548 601 1571 et
615 1552 701 1572 nunc
716 1543 799 1573 hanc
814 1553 900 1573 nnnc
916 1544 1003 1574 illam
1021 1545 1059 1574 de
1076 1544 1187 1574 multis

219 1602 298 1630 quas
314 1594 482 1623 audiebam
502 1596 669 1625 sententiis
688 1605 812 1626 mecum
830 1598 984 1627 attentius
1001 1598 1184 1635 ruminare,

219 1646 356 1684 implens
374 1647 554 1686 philosophi
572 1649 706 1685 dictum,
720 1651 770 1679 cni
786 1650 961 1680 multorum
980 1651 1184 1680 voluminum

219 1700 374 1729 0101111115
400 1702 528 1738 generis
554 1702 645 1732 lectio
668 1704 777 1732 minus
804 1704 920 1742 placet,
945 1704 998 1734 sed
1021 1714 1121 1734 nuum
1148 1705 1186 1734 de

219 1753 345 1789 multis,
372 1755 567 1792 carpendum
596 1755 685 1785 docet
711 1757 793 1795 qnod
821 1757 876 1786 illo
907 1764 1046 1796 tempore
1074 1767 1184 1788 conco-

219 1812 346 1845 quatur.

260 1860 371 1889 Factus
389 1861 515 1890 tandem
540 1862 681 1892 imitator
697 1863 831 1902 Crisippi
846 1887 852 1898 ,
876 1864 928 1893 scd
948 1873 1009 1894 non
1030 1865 1061 1893 in
1079 1866 1186 1894 omni-

221 1913 288 1945 hus,
307 1913 345 1942 de
362 1914 481 1943 auditis
496 1915 595 1944 multa
612 1915 739 1953 collegi,
754 1917 791 1945 de
806 1917 946 1946 collectis
959 1918 998 1946 ab
1011 1917 1083 1947 aliis
1097 1918 1185 1956 plura

220 1967 323 2003 posui,
341 1968 477 2005 quedam
497 1968 535 1996 de
554 1968 690 1997 diversis
710 1969 801 1998 libris
818 1971 978 2008 assumpsi
994 1980 1055 2009 qne
1074 1981 1131 2001 nec
1150 1972 1183 2001 in

220 2019 314 2049 scolis
334 2019 427 2049 facile
443 2020 647 2050 differuntur.
669 2022 728 2051 s'ed
748 2023 804 2051 hec
821 2024 930 2053 onmia
949 2024 980 2052 in
999 2025 1139 2055 scedulis
1157 2030 1186 2054 et

220 2073 416 2112 protocollis,
443 2074 517 2112 quia
537 2074 634 2104 libros
662 2075 694 2103 in
719 2076 836 2114 quibus
853 2086 926 2106 01110
952 2086 1030 2116 opus
1054 2082 1119 2107 erat
1138 2078 1185 2107 in—

218 2127 345 2164 quirere
365 2136 425 2156 non
445 2128 611 2157 habebam.
627 2129 687 2158 Sed
706 2129 760 2158 illa
781 2139 819 2159 ne
838 2140 910 2159 cnm
929 2132 1059 2169 pliebeis
1075 2141 1184 2162 oracu-

219 2179 257 2208 lis
283 2179 427 2208 sibillina
450 2180 526 2209 solia
557 2181 725 2219 perditioni
753 2183 959 2220 mandarent,
989 2194 1083 2222 opere
1115 2195 1182 2223 pre-

219 2232 297 2261 tium
322 2232 397 2261 duxi
423 2242 458 2262 ea
481 2234 512 2262 in
537 2234 657 2263 mundo
678 2240 910 2273 quaternorum
939 2238 1092 2275 redigere,
1122 2248 1183 2269 non

220 2285 274 2313 illa
304 2285 414 2322 peritis
440 2285 646 2324 relinquens,
672 2296 734 2317 non
763 2290 940 2319 exercitatis
966 2292 1100 2329 cupiens
1130 2293 1184 2322 de-

219 2339 403 2373 monstrari,
422 2338 474 2367 sed
493 2339 623 2377 pauperi
641 2349 704 2369 non
723 2341 851 2370 habenti
867 2341 965 2372 libros
984 2344 1185 2382 inspicienda

219 2391 342 2424 dimisi,
361 2400 454 2429 quem
475 2393 643 2429 contigerit
665 2394 775 2423 eadem
800 2403 926 2424 mecum
947 2398 1078 2434 penuria
1095 2397 1184 2427 labo-

219 2453 300 2473 rare.
319 2444 389 2474 Non
408 2445 496 2474 enim
521 2445 554 2473 in
579 2446 623 2475 eis
647 2446 722 2476 ordo
748 2453 891 2477 servatus
913 2454 966 2478 ant
983 2450 1184 2480 continuatio

219 2497 377 2532 lectionis,
399 2503 431 2527 ut
448 2508 544 2536 capax
568 2500 736 2537 ingenium
761 2505 790 2529 et
808 2511 921 2531 sensus
942 2504 1130 2533 exercitatus
1150 2507 1182 2533 in

217 2550 283 2579 illis
299 2551 383 2580 refici
403 2553 515 2589 possit3
534 2552 587 2581 sed
605 2553 629 2581 si
647 2553 720 2591 quis
734 2557 779 2582 est
795 2554 882 2583 lactis
894 2564 991 2592 egens
1008 2561 1038 2586 et
1050 2566 1182 2595 pauper-

220 2605 284 2633 tine
303 2604 516 2643 intelligentie
539 2605 586 2634 vel
615 2608 768 2636 memorie
793 2609 916 2644 tennis,
938 2609 1084 2639 inveniet
1102 2621 1181 2649 qua-

218 2656 420 2695 lemcumque
443 2658 727 2694 sorbitiunculam,
748 2670 809 2698 qna
826 2661 874 2690 vel
897 2662 935 2690 ad
957 2664 1180 2701 proverbium,

218 2708 265 2737 vel
289 2709 327 2737 ad
350 2710 555 2746 sententiam,
578 2711 624 2740 vel
647 2713 684 2740 ad
709 2713 922 2751 proloquium,
949 2715 996 2744 vel
1017 2716 1055 2745 ad
1079 2717 1181 2746 dicta-

217 2770 290 2790 men
307 2762 420 2790 semita
433 2768 627 2800 preparetur.
643 2765 803 2794 Adinncxi
818 2767 970 2804 quosdam
986 2770 1180 2799 necessarios

216 2823 356 2843 canones
372 2824 448 2852 quos
465 2815 503 2844 de
520 2816 656 2845 diversis
686 2818 814 2847 l'atrnm
839 2820 1001 2857 opusculis
1028 2830 1090 2851 non
1109 2832 1179 2852 om-

216 2867 311 2896 nibus
335 2868 463 2905 perviis,
487 2877 543 2897 nec
566 2869 597 2897 in
624 2869 764 2899 editione
785 2872 929 2902 Gratiani
950 2874 1085 2903 redactis
1107 2885 1177 2905 cum

214 3032 233 3057 1.
252 3033 349 3061 Ρ1·ον.,
369 3031 469 3062 XXX,
487 3033 528 3059 3⁵.

1314 430 1420 460 labore
1436 432 1563 469 collegi.
1587 433 1748 469 Quosdam
1771 442 1896 472 quoqne
1920 435 2144 465 sermunculos
2162 441 2192 466 et
2210 446 2278 466 ser-

1313 492 1435 519 mones,
1454 486 1590 522 quedam
1610 486 1703 515 initia
1719 486 1757 515 de
1774 486 1906 516 invento
1926 496 1988 516 non
2007 488 2044 516 de
2059 489 2141 518 furto
2155 498 2278 528 compo-

1313 536 1388 566 sitos
1402 547 1436 566 ex
1455 539 1580 567 cunctis
1600 539 1667 567 istis
1684 540 1841 577 compegi,
1854 549 1933 578 qnos
1948 540 2049 569 audax
2072 543 2233 571 temeritas
2249 547 2280 572 et

1314 599 1394 619 nora
1412 591 1557 620 tirocinia
1578 591 1699 628 tingere
1716 597 1896 621 suaserunt.
1915 593 2000 628 Quos
2017 603 2089 623 cum
2108 603 2278 633 compone-

1312 652 1401 679 rem,
1428 644 1504 681 qnia
1532 653 1651 682 pauper
1679 650 1745 673 erat
1771 645 2005 683 intelligentia,
2036 647 2181 676 securius
2210 652 2279 686 peto

1312 705 1406 733 super
1431 696 1482 725 his
1511 702 1540 726 et
1570 697 1642 726 aliis
1669 698 1776 736 inepte
1807 698 1934 737 prolatis
1964 698 2003 728 ab
2030 708 2067 728 ea
2097 699 2279 737 legentibus

1311 749 1451 778 veniam.

1352 803 1468 832 Omnia
1494 804 1677 841 supradicta
1700 805 1778 833 facta
1806 805 1936 834 fuerunt
1959 806 2169 835 inconstantis
2190 807 2278 836 etatis

1311 860 1339 884 et
1358 855 1487 885 infirmo
1505 857 1650 886 scientie.
1670 858 1749 886 Cum
1766 862 1871 887 autem
1889 858 1987 887 sactus
2005 867 2076 887 sum
2097 859 2155 894 vir,
2180 859 2278 888 meri-

1313 909 1351 937 tis
1372 914 1571 947 peccatornm
1597 915 1724 939 vocatus
1747 920 1817 940 snm
1838 911 1875 940 ad
1897 911 2074 941 Romanam
2098 912 2276 948 ecclesiam,

1311 967 1340 990 et
1363 971 1398 990 ex
1425 967 1499 992 tunc
1524 963 1680 993 sollicitus
1699 964 1746 992 fui
1764 965 1893 1002 qnando
1916 969 1946 994 et
1973 964 2025 993 ubi
2051 965 2135 1003 potui
2161 965 2194 993 in
2220 965 2277 994 1100

1310 1016 1420 1045 eodem
1441 1016 1592 1046 fasciculo
1608 1023 1778 1047 annectere
1799 1027 1861 1056 qne
1883 1027 2095 1055 cognoveram
2119 1018 2166 1047 vel
2186 1019 2276 1048 inve-

1313 1069 1439 1098 niebam
1458 1070 1538 1099 iuris
1555 1079 1622 1099 esse
1640 1070 1723 1099 beati
1743 1071 1839 1108 Petri,
1858 1080 1912 1109 per
1929 1071 2026 1100 libros
2046 1071 2277 1109 antiquitatum

1312 1122 1360 1151 vel
1388 1132 1424 1151 ea
1444 1132 1505 1161 que
1532 1133 1585 1161 per
1607 1133 1657 1152 me
1683 1123 1791 1162 ipsum
1818 1125 1927 1153 audivi
1945 1130 1975 1153 et
1997 1125 2074 1160 vidi,
2098 1134 2115 1153 a
2140 1130 2278 1163 tempore

1313 1176 1400 1204 Lucii
1439 1177 1484 1205 111
1524 1177 1581 1214 qni
1614 1186 1664 1206 me
1700 1177 1872 1214 indignum
1908 1178 2079 1207 diaconum
2118 1177 2279 1206 ordinavit

1310 1238 1395 1259 anno
1410 1230 1453 1259 110
1470 1231 1705 1260 etsacerdotem
1724 1235 1836 1268 quarto
1851 1239 1936 1260 anno
1953 1231 2003 1260 sui
2021 1230 2235 1268 pontificatus.

1353 1283 1558 1312 Diversarum
1581 1283 1680 1321 igitur
1697 1293 1805 1313 rerum
1827 1284 1968 1313 diversas
1991 1284 2166 1313 sententias
2184 1283 2276 1313 colli-

1310 1341 1420 1373 gentes
1444 1340 1473 1365 01
1497 1337 1529 1365 111
1555 1336 1743 1366 fasciculum
1770 1337 1925 1375 quosdam
1947 1337 2093 1366 flosculos
2112 1336 2150 1366 de
2170 1336 2279 1365 multis

1312 1390 1409 1428 pratis
1425 1395 1455 1419 et
1472 1390 1553 1419 senis
1572 1391 1730 1420 montium
1749 1390 1787 1419 ad
1809 1390 1978 1419 utilitatem
1995 1390 2171 1427 legentium
2191 1398 2278 1419 com-

1310 1443 1470 1478 binantes,
1491 1443 1579 1472 illins
1595 1453 1721 1472 summe
1745 1444 1791 1472 rei
1814 1453 1875 1481 que
1893 1452 1999 1472 rernm
2017 1443 2165 1473 omnium
2184 1451 2278 1472 causa

1310 1500 1368 1532 est,
1391 1497 1416 1525 si
1442 1501 1544 1525 tamen
1565 1506 1671 1532 causa,
1696 1497 1774 1535 qnia
1798 1505 1914 1526 11011100
1941 1496 2033 1525 facile
2050 1496 2193 1525 inveniri
2213 1504 2276 1526 nou

1310 1554 1411 1588 potest
1426 1550 1510 1588 quod
1534 1554 1619 1579 tante
1641 1550 1683 1579 rei
1709 1550 1833 1588 proprie
1854 1549 1955 1579 valeat
1977 1549 2159 1584 convenire,
2181 1558 2278 1587 quas—

1309 1603 1382 1632 dam
1410 1604 1614 1633 auctoritates
1643 1603 1827 1641 premittere
1856 1603 1990 1641 dignum
2017 1603 2190 1638 duximus,
2215 1612 2278 1641 que

1309 1657 1420 1686 iuvare
1438 1661 1567 1694 possunt
1584 1656 1742 1693 legentem
1761 1661 1791 1686 et
1808 1656 1846 1685 ad
1866 1656 2063 1685 credendum
2082 1661 2111 1686 et
2126 1656 2165 1685 ad
2182 1655 2275 1686 intel-

1310 1710 1475 1747 ligendum
1498 1711 1531 1739 in
1556 1710 1617 1739 fide
1636 1709 1925 1746 corroborandum,
1948 1714 1978 1738 et
1995 1709 2033 1738 ad
2051 1709 2205 1747 quosdam
2226 1718 2277 1738 er-

1310 1772 1396 1793 rores
1415 1764 1468 1801 qui
1489 1764 1567 1792 sorte
1588 1772 1650 1792 non
1665 1763 1817 1792 omnibus
1834 1767 1940 1800 patent
1957 1762 2082 1791 cantius
2099 1762 2275 1792 evitandos.

1309 1816 1430 1846 Omnes
1447 1816 1567 1845 etenim
1586 1826 1646 1851 res,
1665 1820 1699 1845 ut
1716 1816 1760 1845 ait
1774 1815 1948 1853 apostolus.v
1968 1819 2074 1845 nostre
2092 1820 2274 1854 5110150110-

1309 1870 1420 1906 riores,
1435 1869 1564 1908 equales
1580 1873 1609 1898 et
1621 1869 1802 1898 inferiores.
1821 1869 2006 1907 Superiores
2023 1869 2154 1907 quidem
2172 1873 2277 1899 nostre

1309 1923 1441 1952 suntad
1470 1922 1712 1961 perfruendum,
1740 1921 1869 1960 equales
1894 1922 1932 1951 ad
1958 1922 2209 1958 convivendum,
2228 1922 2276 1951 in-

1308 1977 1439 2005 feriores
1460 1981 1565 2005 nostre
1588 1975 1718 2004 suntad
1736 1975 1954 2004 serviendum.
1975 1975 2042 2005 Hac
2060 1984 2134 2013 ergo
2155 1976 2276 2005 ratione

1308 2030 1450 2068 inspecta
1464 2034 1546 2058 recte
1558 2029 1664 2066 colligi
1684 2029 1876 2067 potestquod
1892 2038 2010 2064 rerum,
2028 2033 2060 2057 nt
2074 2029 2275 2066 Augustinus

1307 2083 1364 2118 ait,
1380 2082 1443 2111 alie
1462 2087 1536 2111 sunt
1555 2082 1673 2120 quibus
1692 2082 1864 2111 fruendum
1890 2086 1948 2117 est,
1972 2081 2032 2110 alie
2049 2082 2275 2120 (1011105111οη-

1308 2137 1403 2173 dum3
1425 2136 1489 2165 alie
1512 2140 1586 2165 sunt
1607 2145 1668 2174 que
1693 2136 1844 2164 fruuntur
1868 2140 1898 2164 et
1922 2139 2067 2165 utuntur.
2091 2136 2154 2165 Res
2176 2136 2276 2173 igitur

1307 2190 1423 2228 qnibns
1440 2189 1610 2219 i'rnondnin
1631 2193 1678 2218 est
1693 2193 1768 2217 sunt
1790 2193 1851 2217 tres
1874 2193 2037 2227 ypostases
2060 2193 2090 2217 et
2109 2197 2172 2217 una
2193 2189 2273 2224 usia,

1308 2243 1430 2272 scilicet
1453 2248 1514 2271 tres
1541 2250 1673 2280 persone
1699 2246 1730 2271 et
1752 2250 1815 2270 una
1844 2241 1996 2275 essentia,
2026 2241 2085 2270 1100
2107 2245 2154 2271 est
2175 2242 2273 2277 Deus,

1308 2305 1435 2325 summa
1446 2296 1598 2331 Trinitas,
1614 2304 1676 2333 qna
1690 2295 1749 2324 frui
1763 2295 1917 2324 debemus
1931 2298 2026 2333 atquo
2041 2299 2199 2324 tenemur.
2212 2294 2272 2325 Cui

1307 2350 1437 2389 quidem
1457 2350 1713 2388 appropinquare
1733 2349 1887 2378 (1011011105
1909 2348 2000 2378 omni
2017 2349 2184 2378 devotione
2203 2357 2272 2378 om-

1307 2405 1405 2441 nique
1421 2402 1604 2432 dilectionis
1617 2411 1735 2437 amore,
1755 2402 1855 2431 necin
1873 2401 2011 2431 amando
2025 2401 2082 2439 ipsi
2098 2402 2270 2440 quicquam

1306 2456 1482 2495 parificare,
1510 2456 1599 2493 quia,
1630 2460 1663 2484 ut
1693 2454 1895 2492 Augustinus
1923 2454 2005 2484 dixit
2035 2464 2042 2484 ε
2076 2467 2088 2481 α
2120 2455 2192 2484 Frui
2226 2460 2273 2485 est

1305 2518 1413 2539 amore
1429 2508 1525 2538 alicui
1545 2508 1588 2538 rei
1610 2508 1758 2537 inherere
1776 2512 1898 2536 tantum
1923 2513 2047 2546 propter
2065 2517 2098 2537 50
2119 2508 2234 2546 ipsam.
2256 2520 2270 2535 »

1306 2564 1372 2592 1100
1389 2572 1464 2599 ergo
1483 2562 1588 2591 fruitio
1608 2566 1683 2591 tunc
1700 2566 1782 2590 recte
1799 2561 1987 2599 implebitur
2004 2571 2077 2591 011111
2098 2562 2164 2591 Deo
2180 2561 2271 2591 debi-

1306 2620 1355 2645 tus
1371 2615 1489 2649 cultus,
1507 2615 1614 2644 debita
1631 2615 1780 2650 servitus,
1794 2614 1974 2644 debitorum
1991 2614 2148 2644 bonorum
2166 2615 2271 2644 diver-

1305 2669 1392 2705 sitas,
1410 2669 1592 2698 debitarum
1610 2668 1790 2697 orationum
1809 2667 2029 2706 sollempnitas
2046 2672 2075 2696 et
2088 2673 2192 2697 cetera
2209 2677 2271 2706 qne

1304 2723 1373 2751 istis
1398 2731 1523 2751 annexa
1550 2726 1625 2750 sunt
1653 2725 1735 2750 recte
1763 2725 1793 2750 et
1819 2720 1953 2750 discrete
1981 2720 2161 2751 solvuntur.
2189 2721 2272 2751 Sunt

1304 2783 1445 2812 namque
1468 2773 1615 2802 nonnulli
1637 2773 1780 2802 nolentes
1803 2772 1982 2809 intelligere
2006 2777 2038 2801 111
2061 2778 2142 2802 recte
2160 2776 2269 2810 agant,

1302 2826 1358 2865 qni
1376 2826 1423 2855 vel
1443 2826 1640 2863 negligentia
1658 2826 1759 2855 nimia
1776 2825 1823 2855 vel
1847 2825 2031 2854 adulatione
2055 2826 2203 2863 pestifera
2219 2825 2268 2855 vel

1302 2879 1487 2908 curiositate
1503 2879 1638 2916 indigna
1656 2879 1721 2908 Deo
1738 2887 1801 2908 11011
1827 2879 1981 2908 exhibent
2000 2879 2083 2917 quod
2107 2882 2266 2916 tenentur,

1303 2932 1351 2961 vel
1368 2937 1512 2961 creature
1528 2932 1633 2961 debita
1649 2932 1793 2962 Creatori
1810 2932 2014 2970 dependunt,
2037 2932 2118 2961 sicut
2137 2933 2268 2970 Augus-

1303 2986 1388 3014 tinus
1408 2985 1441 3013 in
1459 2984 1543 3013 libro
1560 2985 1604 3014 X⁰
1620 2985 1658 3014 de
1674 2985 1800 3014 civitate
1818 2985 1874 3014 Dei
1894 2985 2049 3020 affirmat,
2067 2985 2109 3013 ita
2127 2985 2239 3014 dicens
2259 2996 2265 3014 z

1300 3038 1515 3075 Augustinus.
1537 3037 1579 3067 Ut
1595 3037 1657 3066 alia
1675 3045 1761 3066 nunc
1779 3042 1897 3067 taceam
1914 3046 1976 3075 que
1990 3037 2204 3075 11011-1111001311
2221 3046 2266 3066 re-
