2455 3560
1048 358 1248 390 ALBINUs.
2155 361 2189 389 87

518 765 780 802 INClPlUNT
810 767 977 802 GESTA
1010 767 1271 803 PAUPERIS
1302 768 1550 804 SCOLARIS
1581 768 1777 803 ALBINI'

179 947 261 977 Cum
281 950 355 976 ante
378 955 482 976 meam
502 947 674 976 infantiam
698 947 791 986 paulo
809 947 917 977 minus
941 948 1108 987 utriusque

139 1009 215 1030 cura
239 999 380 1039 parentis
395 999 526 1029 orbatus
543 1008 643 1029 essem
656 1023 663 1036 ,
684 1001 777 1029 rebus
794 1000 908 1030 alendo
930 1001 1011 1030 mibi
1030 1001 1108 1030 defi-

138 1053 299 1083 cientibus
330 1053 408 1091 quia
431 1057 597 1090 parentum
621 1053 783 1091 suppellex
811 1058 900 1083 curta
926 1054 1043 1089 suerat,
1068 1054 1107 1083 ad

137 1106 356 1144 colligendum
380 1115 514 1144 puerum
538 1106 576 1135 de
598 1105 722 1144 plateis,
745 1106 784 1135 ad
807 1106 1011 1145 eripiendum
1033 1116 1106 1136 eum

138 1160 240 1196 fame,
263 1159 398 1196 frigore.
422 1158 564 1188 calcibus
586 1159 781 1195 bestiarum,
812 1159 901 1189 nulla
927 1159 1107 1189 carnalium

136 1212 271 1242 fratrum
305 1212 515 1241 subveniebat
547 1212 687 1247 affectio,
729 1212 817 1241 nulla
852 1213 1106 1251 propinquorum

136 1266 351 1295 miserabatur
371 1265 512 1295 dilectio.
532 1266 695 1295 Avunculi
715 1271 820 1295 tamen
838 1266 921 1302 mei,
944 1266 1054 1295 habitu
1078 1271 1108 1295 et

137 1318 306 1356 relligione
330 1328 439 1347 revera
470 1319 635 1353 monachi,
668 1328 719 1348 me
754 1319 966 1358 inspiratione
997 1319 1107 1348 divina

138 1373 235 1410 pietas
268 1370 432 1409 recollegit
463 1376 492 1401 et
521 1372 689 1401 amborum
722 1373 826 1402 officia
856 1372 1039 1409 genitorum
1073 1373 1105 1401 in

138 1435 189 1455 me
207 1426 284 1455 dum
302 1425 382 1454 vixit
402 1425 626 1454 indesinenter
641 1425 791 1454 ostendit.
812 1426 893 1455 Nam
912 1426 945 1454 in
962 1426 1107 1455 doctrina

138 1487 265 1508 morum
284 1482 314 1508 et
331 1478 511 1508 litterarum
525 1502 531 1514 ,
551 1478 583 1506 in
609 1478 815 1516 expurgando
837 1478 1015 1508 silvestrem
1033 1479 1107 1507 ani-

139 1525 305 1566 mun1,'in
329 1531 482 1569 erigendo
508 1540 617 1560 meum
645 1531 769 1560 vultum
794 1532 832 1560 ad
859 1531 981 1568 celum,
1010 1531 1107 1569 patris

140 1585 360 1620 severitatem;
381 1585 414 1613 in
433 1584 548 1614 alendo
567 1594 616 1614 me
633 1584 694 1613 sibi
713 1585 872 1614 subtracto
891 1585 977 1620 cibo,
1002 1585 1035 1613 in
1060 1585 1107 1614 so-

140 1638 243 1667 vendo
254 1647 302 1667 me
318 1638 443 1676 propria
457 1641 542 1666 veste
558 1637 716 1673 divisa,in
736 1638 924 1667 subiciendo
939 1638 1106 1667 servitium

140 1700 233 1720 suum
260 1699 323 1720 non
344 1691 410 1720 suis
430 1690 561 1729 paribus
585 1696 619 1720 ut
638 1691 719 1719 mihi
740 1690 856 1720 melius
877 1695 976 1727 esset,
996 1691 1107 1720 matris

140 1743 289 1782 pietatem
310 1743 467 1773 exhibuit.
488 1743 612 1773 Placuit
633 1743 678 1772 illi
699 1744 751 1773 cui
768 1743 938 1773 derelictus
959 1748 1006 1773 est
1028 1752 1105 1781 pau—

140 1806 209 1835 per,
228 1797 286 1835 qui
303 1802 349 1826 est
366 1797 498 1835 pupillis
513 1797 658 1832 adiutor,
676 1801 706 1826 et
724 1797 820 1826 illum
842 1797 936 1826 rebus
955 1797 1108 1826 humanis

141 1849 305 1880 exhimere
328 1855 358 1879 et
380 1859 430 1879 me
451 1850 540 1879 omni
564 1849 675 1879 solatio
690 1850 875 1879 destitutum
894 1850 928 1879 in
954 1850 997 1879 Eo
1013 1850 1108 1879 dum-

140 1907 223 1932 taxat
260 1904 315 1942 qni
351 1904 403 1933 dat
433 1904 590 1932 iumentis
626 1913 729 1933 escam
762 1908 792 1933 et
822 1904 976 1933 alimenta
1014 1903 1108 1942 pullis

140 1965 308 1987 corvorum
325 1966 471 1995 sperare3
492 1962 527 1986 ut
545 1957 577 1986 in
596 1957 730 1986 desertis
747 1957 824 1986 locis
841 1961 870 1986 et
889 1958 984 1986 vastis
1002 1957 1108 1987 solitu-

139 2010 283 2047 dinibus,
301 2019 384 2048 aqua
401 2016 546 2039 materna
560 2010 741 2041 deficiente,
760 2010 798 2039 de
814 2010 908 2040 domo
925 2011 1022 2048 patris
1038 2010 1107 2039 lon-

141 2063 214 2100 gius
231 2072 281 2093 me
297 2063 361 2092 iam
380 2063 559 2099 recedente,
578 2063 635 2092 Dei
650 2063 782 2099 angelus
799 2064 919 2093 sontem
938 2072 1019 2101 aque
1037 2064 1108 2092 vive

141 2116 324 2146 ostenderet
339 2117 499 2154 pereunti,
515 2125 578 2154 quo
595 2126 645 2146 me
659 2117 805 2146 reficiens
819 2119 972 2145 matrem²
988 2117 1020 2145 in
1040 2122 1107 2146 estu

141 2169 271 2199 miserie
291 2174 320 2199 et
337 2169 508 2199 solitudine
526 2170 757 2208 desperationis
774 2169 895 2199 solarer
915 2174 945 2199 et
966 2170 998 2198 in
1017 2175 1108 2199 ante-

142 2223 209 2252 rius
228 2222 402 2252 scintillam
422 2223 557 2251 luminis
577 2222 690 2252 celitus
713 2223 792 2252 milii
814 2222 877 2251 dati
902 2223 1106 2252 extenderem

142 2279 172 2306 et
188 2276 298 2313 magni
318 2276 449 2306 consilii
466 2276 581 2313 angelo
598 2276 676 2305 duce
694 2277 742 2305 vie
759 2277 790 2304 in
809 2282 902 2313 gente
923 2276 986 2305 alia
1007 2276 1108 2305 sactus

141 2337 255 2358 essem.
276 2329 357 2358 Veni
374 2337 449 2367 ergo
466 2329 635 2358 mendicus
652 2334 747 2366 atque
769 2329 971 2365 mendicans,
991 2338 1108 2367 pauper

142 2387 172 2411 et
185 2382 307 2418 nudus,
327 2391 447 2419 egenus
465 2386 494 2411 et
509 2391 622 2419 egens,
649 2383 816 2419 utriusque
840 2390 948 2411 mense
970 2382 1061 2411 micis
1079 2387 1109 2411 et

142 2435 289 2474 reliqniis
311 2436 582 2473 fragmentoi·un];
608 2436 680 2464 veni
709 2435 843 2473 inquam
867 2435 900 2464 in
922 2436 1106 2473 gignasium

143 2489 310 2527 Ariopagi,
328 2489 429 2518 factus
445 2488 573 2518 emulus
592 2493 622 2518 et
637 2488 767 2517 adiutus
784 2488 950 2524 Riccardo,
971 2489 1107 2518 Urbeve-

140 2634 163 2659 1.
184 2633 301 2659 Preface
321 2633 357 2659 de
379 2634 403 2659 la
424 2633 576 2659 collection
598 2633 718 2664 entibre,
737 2641 771 2658 en
790 2633 846 2658 tete
862 2632 895 2657 de
918 2633 1038 2666 laquelle
1055 2634 1107 2658 elle

102 2681 193 2715 figure
219 2681 291 2708 dans
314 2682 339 2707 lc
363 2681 532 2707 manuscrit.
557 2680 612 2706 J’ai
638 2681 772 2714 explique
794 2680 866 2706 dans
889 2680 1106 2706 l¹lntroduction

103 2731 246 2764 pom-quoi
263 2731 305 2756 les
322 2730 394 2756 neus
408 2730 550 2764 prcmicrs
566 2730 662 2760 {ivn-es,
681 2729 794 2763 n’ayant
812 2730 871 2754 rien
889 2730 904 2754 a
921 2729 981 2755 voir
996 2737 1066 2755 avoc
1084 2730 1108 2755 le

103 2778 180 2804 Liber
194 2780 342 2810 Gensuum,
359 2783 409 2805 ont
425 2778 462 2804 du
479 2779 538 2804 eti-e
555 2778 656 2803 exclus
671 2777 705 2803 de
722 2781 797 2803 cette
815 2777 1000 2811 publication.

138 2826 163 2852 ⁶2.
182 2826 224 2852 De
240 2827 335 2861 quelle
352 2828 429 2853 mere
446 2827 552 2852 veut-il
577 2825 689 2860 parler?
706 2826 748 2851 De
765 2826 790 2851 la
806 2826 927 2851 sienne?
944 2825 965 2851 ll
983 2827 1059 2852 vient
1075 2826 1109 2851 de

103 2876 164 2902 dire
184 2876 287 2910 qu'elle
310 2876 379 2902 etait
402 2880 494 2902 morte
517 2875 621 2909 depuis
645 2876 820 2909 longtemps.
849 2875 889 2900 De
912 2874 1050 2908 l'Eglise'?
1070 2875 1109 2900 Ce

102 2924 192 2950 serait
217 2924 282 2950 bien
307 2925 500 2958 pretentieux.
528 2924 550 2949 ll
576 2924 661 2957 s'agit
685 2924 776 2957 plutOt
800 2924 919 2957 d‘Agar,
943 2923 1005 2957 dep}
1032 2924 1109 2949 visc'e

104 2971 175 2998 dans
190 2980 223 2998 ce
239 2973 288 3007 qui
310 2973 440 3007 precede.
459 2973 586 2999 Albinus
601 2980 669 2998 aura
686 2973 761 2997 suivi
778 2980 831 2998 son
847 2972 983 3006 allegorie
1001 2981 1036 2998 un
1055 2980 1108 3006 peu

104 3028 138 3046 au
156 3020 217 3047 dela
232 3021 284 3047 des
297 3022 394 3056 justes
410 3021 527 3048 limites.

1232 953 1304 978 tano
1321 948 1416 986 longo
1434 953 1572 987 tempore
1590 954 1655 987 post
1672 950 1831 988 episcopo,
1852 951 2054 988 pauperrimo
2073 956 2147 981 tunc
2164 956 2194 981 et

1232 1001 1358 1030 uterino
1381 1001 1490 1031 eodem
1515 1007 1601 1040 patre
1624 1004 1808 1039 germano¹.
1833 1003 1927 1031 Liber
1946 1004 2045 1040 igitur
2064 1013 2169 1033 rerum
2186 1029 2192 1039 ,

1231 1054 1329 1084 libros
1358 1054 1390 1082 in
1422 1055 1543 1084 artibus
1573 1055 1643 1084 sine
1669 1056 1757 1084 omni
1784 1055 1876 1091 libro,
1905 1056 1980 1094 qnia
2009 1065 2099 1085 secus
2128 1065 2191 1086 non

1230 1112 1382 1145 poteram,
1404 1107 1559 1144 legebam.
1581 1108 1730 1137 Liberum
1755 1113 1873 1145 patrem
1894 1113 1923 1137 et
1946 1114 2078 1137 matrem
2097 1109 2192 1139 Cere-

1232 1170 1298 1189 rem
1313 1161 1700 1199 inveniendicrepusculo
1712 1161 1801 1190 valde
1817 1161 1984 1196 sollicitus,
1998 1162 2192 1199 stringebam

1231 1213 1366 1251 siliquas
1390 1213 1422 1241 in
1448 1213 1523 1242 villa
1546 1213 1666 1242 civium
1694 1214 1833 1250 regionis
1860 1213 1966 1243 illius:
1994 1215 2089 1243 simul
2120 1223 2192 1243 cum

1230 1266 1305 1295 aliis
1332 1266 1506 1295 coaxabant
1538 1270 1567 1295 et
1604 1275 1679 1295 rane
1711 1275 1772 1295 una
1800 1274 1925 1295 mecum
1959 1266 2045 1295 iuxta
2081 1266 2192 1296 Nilum

1233 1318 1356 1348 telluris
1381 1318 1598 1356 Memphitice.
1622 1318 1705 1354 Quid
1727 1318 1875 1347 tandem?
1897 1318 1987 1347 Gessi
2008 1328 2111 1347 mores
2129 1319 2194 1348 illis

1231 1380 1303 1400 cum
1336 1371 1453 1409 quibus
1490 1371 1572 1406 vixi;
1613 1371 1759 1400 indoctus
1794 1370 1910 1399 docens
1946 1376 1976 1399 et
2013 1371 2194 1408 inexpertus

1232 1429 1375 1462 expertos
1396 1429 1638 1462 presumptuose
1664 1425 1766 1454 faeere
1795 1424 1943 1461 gliscens.
1968 1423 2045 1453 Sero
2068 1424 2193 1453 tandem

1229 1476 1269 1505 ad
1291 1485 1341 1506 me
1357 1486 1522 1512 reversus;
1547 1476 1654 1506 videre
1680 1477 1747 1514 cepi
1777 1477 1886 1514 quanti
1921 1477 2135 1505 mercennarii
2162 1478 2193 1506 in

1231 1530 1324 1559 domo
1344 1531 1440 1568 patris
1463 1539 1545 1568 pane
1566 1530 1667 1558 divini
1688 1530 1774 1559 verbi
1799 1530 1981 1563 affluerent,
2003 1534 2033 1559 et
2054 1530 2086 1558 in
2111 1530 2195 1559 scola

1230 1583 1412 1612 divinitatis
1440 1592 1494 1620 per
1518 1582 1715 1612 intellectum
1748 1582 1871 1611 celestis
1904 1582 2012 1620 pabuli
2047 1583 2131 1620 quod
2162 1583 2194 1611 in

1232 1636 1314 1666 filios
1329 1636 1507 1674 adoptionis
1524 1635 1614 1665 multi
1634 1636 1819 1664 transirent.
1837 1636 1961 1664 Anxius
1973 1639 2078 1664 autem
2094 1635 2194 1665 libro-

1231 1698 1301 1718 rum
1330 1689 1455 1727 inopia,
1488 1688 1687 1718 verecundus
1712 1688 1797 1726 quod
1826 1692 1909 1717 tanto
1938 1692 2077 1725 tempore
2112 1688 2194 1717 same

1231 1742 1382 1771 audiendi
1400 1742 1488 1770 verbi
1505 1742 1673 1780 perissem,
1695 1741 1812 1770 accessi
1836 1741 1966 1779 propius
1987 1746 2016 1769 et
2036 1741 2194 1769 audiendo

1231 1800 1358 1833 gustare
1381 1795 1447 1833 cepi
1469 1799 1625 1832 quantum
1650 1800 1731 1823 esset
1754 1794 1860 1823 suavis
1887 1794 2055 1822 Dominus.
2077 1793 2194 1823 Vacavi

1232 1853 1261 1878 et
1284 1848 1366 1884 vidi,
1394 1848 1459 1877 vidi
1484 1852 1513 1877 et
1538 1848 1666 1885 gavisus
1693 1856 1780 1882 sum,
1807 1847 1883 1884 quia
1911 1846 2019 1875 dulcia
2049 1846 2194 1875 faucibus

1232 1901 1359 1939 eloquia
1386 1901 1517 1930 Domini
1544 1909 1639 1937 super
1664 1899 1727 1928 mel
1752 1904 1781 1928 et
1806 1899 1926 1927 favum.
1956 1898 2136 1927 Didiceram
2160 1899 2192 1927 in

1231 1954 1304 1983 aliis
1321 1953 1522 1982 facultatibus
1534 1962 1596 1991 que
1610 1961 1660 1981 me
1673 1952 1719 1981 lex
1735 1951 1866 1981 Domini
1881 1951 2193 1989 inreprehensibilis,

1231 2010 1421 2036 convertens
1437 2006 1578 2042 animas,
1599 2006 1761 2034 dediscere
1778 2004 1950 2039 suadebat,
1970 2005 2046 2042 quia
2066 2003 2197 2033 meliora

1232 2064 1323 2088 erant
1342 2059 1436 2088 verba
1457 2059 1519 2088 duo
1541 2059 1619 2095 legis
1637 2064 1666 2087 et
1686 2058 1788 2095 gratie
1806 2058 1878 2087 vino
1894 2057 2101 2086 iocunditatis
2117 2065 2195 2093 gen-

1232 2112 1308 2146 tilis,
1330 2112 1404 2141 vino
1423 2112 1468 2140 ire
1487 2111 1606 2140 furoris
1631 2111 1701 2139 Dei.
1726 2110 1920 2147 Flagrabant
1941 2110 2027 2138 enim
2047 2118 2195 2146 unguen-

1233 2165 1271 2194 tis
1307 2164 1454 2202 optimis,
1491 2164 1529 2193 ad
1569 2172 1706 2202 quorum
1743 2163 1871 2192 odorem
1907 2163 2080 2196 deficiens,
2121 2171 2195 2191 cum

1231 2216 1477 2246 adolescentulis
1493 2216 1676 2245 adolescens
1692 2215 1858 2244 currebam
1873 2226 1879 2250 ;
1903 2215 1956 2243 sed
1975 2223 2087 2243 cursus
2107 2223 2196 2243 meus

1231 2270 1397 2299 deficiebat
1423 2271 1454 2298 in
1483 2269 1599 2305 stadio,
1623 2268 1698 2307 quia
1721 2267 1893 2297 cuiuslibet
1919 2267 1991 2296 libri
2018 2267 2196 2296 divinitatis

1231 2322 1421 2360 suffragium
1459 2330 1522 2351 non
1553 2321 1737 2359 suppetebat
1769 2321 1807 2349 ad
1838 2320 2000 2349 bravium.
2041 2320 2195 2348 Bibebam

1231 2381 1261 2405 et
1286 2376 1447 2411 sitiebam,
1475 2367 1708 2403 manducabam
1733 2383 1788 2403 nec
1813 2373 1970 2408 satiabar,
1995 2373 2070 2410 quia
2090 2372 2196 2401 omnis

1231 2429 1319 2458 labor
1335 2428 1476 2458 bominis
1491 2428 1524 2456 in
1543 2427 1651 2456 auditu
1666 2451 1671 2461 ,
1692 2426 1745 2455 sed
1761 2426 1870 2454 anima
1886 2425 1974 2454 illius
1996 2433 2058 2454 non
2082 2424 2195 2463 imple-

1230 2482 1338 2514 batur,
1355 2481 1429 2519 quia
1446 2489 1509 2509 non
1527 2484 1593 2509 erat
1611 2479 1693 2508 mihi
1712 2479 1794 2508 liber
1816 2479 1850 2507 in
1868 2487 1930 2516 quo
1949 2478 2059 2507 audita
2079 2478 2194 2506 iterum

1229 2535 1480 2572 comprobarem.
1506 2533 1703 2563 Deficiebant
1721 2532 1801 2561 mibi
1819 2541 1922 2570 penne
1939 2531 2086 2560 columbe
2103 2530 2195 2559 dear—

1230 2593 1372 2626 gentate,
1390 2588 1466 2626 quia
1483 2587 1652 2624 ingenium
1669 2586 1863 2615 feculentum
1882 2585 2073 2614 deficiebant
2092 2592 2195 2621 penne

1231 2645 1417 2676 ventorum;
1457 2641 1589 2669 virtutes
1626 2639 1747 2668 scilicet
1784 2638 1970 2667 meritorum
2005 2637 2121 2675 quibus
2157 2635 2195 2664 ad

1230 2694 1419 2723 discendum
1454 2702 1505 2722 me
1539 2692 1577 2721 de
1607 2697 1688 2721 terra
1719 2691 1959 2729 suspenderem.
1998 2689 2196 2718 Deficiebant

1231 2747 1328 2776 etiam
1361 2755 1507 2785 mosayce
1540 2744 1679 2784 pennule
1709 2745 1747 2773 ad
1778 2753 1855 2782 quas
1885 2743 1985 2781 capud
2014 2741 2196 2780 detorqueri

1231 2800 1363 2835 valeret,
1392 2808 1432 2828 ne
1458 2798 1575 2828 collum
1602 2806 1731 2836 prorsus
1759 2797 2014 2835 abrumperetur.
2049 2795 2196 2824 Nimium

1231 2973 1254 2998 1.
1280 2972 1400 2998 Parente
1418 2972 1481 2997 bien
1499 2980 1553 3005 peu
1570 2971 1738 2997 claircment
1758 2969 1872 2994 dc'finie.
1894 2982 1929 2988 —
1949 2967 1999 2992 Cot
2020 2967 2128 2999 evi-que
2151 2973 2197 2991 as-

1194 3021 1276 3052 sista,
1291 3029 1324 3047 en
1345 3020 1420 3052 1¹79,
1434 3029 1470 3046 au
1484 3020 1594 3045 concile
1610 3019 1645 3044 de
1659 3018 1780 3050 Lati-am
1799 3018 1816 3043 il
1833 3025 1867 3042 ne
1885 3020 1999 3042 mourut
2016 3014 2099 3048 qu'en
2118 3013 2197 3039 1201.
