2455 3560
1071 343 1272 372 ALBINUS.
2164 351 2217 382 123

1136 752 1209 790 XI

129 938 166 964 ¹.
193 950 228 955 ——
251 933 342 969 Quon
365 942 523 963 aEcToaes
545 942 758 963 ECCLESJARL'M
782 942 878 962 Annis
901 942 1045 963 PUGNARE
1068 942 1129 963 NON
1255 933 1390 963 electum
1419 935 1501 972 prior
1528 935 1657 964 basilice
1683 936 1851 965 Salinatoris
1878 939 2060 975 patriai-cliii
2091 940 2214 969 Latera-

203 996 336 1022 DEBENT,
359 996 395 1016 Ex
413 995 563 1016 EPISTULA
582 996 676 1016 DOMNI
699 987 796 1015 Perat
816 995 954 1015 EPISCOPI
969 988 988 1015 ι.

202 1067 292 1097 Inter
313 1071 417 1096 cetera
441 1067 589 1098 mala.....
619 1067 653 1095 in
680 1071 824 1096 nostrum
852 1070 992 1096 vertatur
1016 1067 1130 1105 obpro-

160 1120 267 1150 brium
287 1120 540 1158 transgressione
557 1119 727 1149 bellorum.

121 1215 159 1242 2.
177 1229 216 1234 —
232 1213 313 1242 ITEM
332 1223 370 1243 DE
388 1223 492 1243 EADEM
511 1223 550 1243 RE
574 1222 770 1244 DEFLORATIO
792 1223 830 1243 Ex
853 1223 1001 1244 EPISTOLA
1019 1223 1129 1244 CUJIIS-

200 1275 264 1295 ΒΑΜ
276 1261 298 1295 ².

200 1345 290 1375 Sicut
314 1345 470 1375 indecens
495 1350 541 1376 est
561 1346 764 1385 transpositio
769 1368 831 1376 .....
855 1356 916 1377 nou
942 1347 1057 1377 debere
1082 1348 1127 1377 uti

159 1398 258 1427 armis
274 1399 428 1428 innotuit.

120 1492 159 1520 3.
176 1507 215 1513 -·
230 1491 351 1521 INCIPIT
372 1501 453 1522 ORDO
472 1501 627 1526 QUALITER
646 1501 800 1522 ELIGATUR
826 1502 951 1522 SUMMUS
976 1502 1126 1523 PONTIFEX

199 1554 316 1575 SANCTE
341 1545 475 1576 ROMANE
498 1555 642 1576 ECCLESIE
667 1556 705 1575 ET
729 1555 878 1580 QUOMODO
905 1555 1125 1576 CONSECRETUR

200 1607 239 1627 ET
255 1608 294 1627 AD
312 1607 443 1628 SUMMUM
463 1608 611 1629 HONOREM
628 1608 741 1628 VENJRE
759 1601 906 1628 DEBEAT3.

201 1679 326 1708 Mortuo
360 1679 506 1708 Romano
535 1679 684 1717 pontifice
714 1684 743 1708 et
772 1679 896 1717 sepulto
931 1680 1126 1708 conveniunt

159 1732 311 1771 episcopi,
331 1733 513 1770 presbiteri,
530 1733 655 1762 diaconi
670 1732 849 1761 cardinales
862 1734 893 1761 in
913 1732 979 1762 loco
995 1732 1124 1769 celebri,

159 1790 190 1815 et
204 1789 402 1824 perscrutata
417 1785 563 1815 omnium
586 1785 800 1815 cardinalium
824 1785 985 1815 voluntate
1004 1786 1044 1815 ab
1065 1786 1126 1815 ali-

156 1838 276 1877 quibus
291 1839 329 1867 de
346 1838 436 1876 ipsis,
455 1839 487 1867 in
505 1848 600 1877 quem
614 1839 717 1875 major
734 1847 804 1876 pars
819 1839 1008 1868 convenerit
1022 1839 1126 1868 cardi-

157 1891 302 1929 nalium,
330 1892 435 1930 ipsum
469 1892 714 1921 archidiaconus
737 1891 786 1920 vel
810 1892 896 1930 prior
916 1892 1124 1921 diaconorum

158 1944 197 1973 de
213 1944 346 1982 pluviali
365 1949 544 1974 ammantat
561 1945 656 1974 rubro
676 1950 705 1974 et
719 1944 817 1974 electo
842 1953 957 1974 nomeu
977 1945 1123 1983 imponit.

158 1996 260 2033 Quem
282 1997 344 2027 duo
362 1997 400 2026 de
426 1998 602 2036 majoribus
625 1998 844 2027 cardinalibus
867 1998 1056 2027 addextrant
1074 2007 1126 2027 us—

157 2059 220 2088 que
246 2050 285 2079 ad
313 2050 420 2080 sedem
452 2050 609 2089 lapideam
638 2060 700 2089 que
727 2051 846 2080 dicitur
873 2050 1048 2080 Stel-corata
1077 2051 1124 2079 vel

159 2102 367 2135 Stercoraria.
386 2113 448 2142 que
467 2108 602 2132 estante
626 2105 781 2142 porticum
807 2104 935 2133 basilice
952 2104 1126 2134 salvatoris

159 2156 345 2194 patriarchii
378 2157 616 2191 Lateranensis,
643 2161 672 2186 et
699 2157 731 2185 in
761 2166 797 2185 ea
823 2157 961 2186 eundem
990 2157 1124 2186 electum

158 2206 338 2239 honorifice
355 2209 440 2238 idem
466 2209 647 2238 cardinales
671 2214 812 2247 ponunt,
834 2215 866 2238 ut
887 2219 959 2238 vere
976 2210 1100 2239 dicatur
1118 2220 1124 2238 :

160 2274 173 2289 κ
199 2261 340 2291 Suscitat
365 2262 402 2291 de
429 2262 559 2300 pulvere
584 2271 734 2299 egenum,
761 2267 791 2291 et
815 2261 853 2290 de
878 2266 1012 2291 stercore
1032 2262 1127 2300 erigit

158 2323 343 2353 pauperem,
362 2319 394 2343 ut
411 2315 517 2344 sedeat
532 2323 603 2344 cum
622 2314 822 2353 principibus
842 2319 872 2343 et
896 2314 1012 2344 solium
1029 2324 1126 2352 gene—

158 2367 225 2397 rale
252 2372 366 2397 teneat.
394 2379 407 2394 »
437 2368 511 2397 Post
534 2367 769 2406 aliquantulam
797 2368 908 2397 boram
933 2368 1126 2405 stansjuxta

158 2420 293 2450 eandem
319 2420 427 2450 sedem
453 2420 572 2450 electus
593 2421 709 2458 accipit
738 2420 775 2449 de
802 2421 925 2458 gremio
954 2420 1125 2449 camerarii

159 2477 219 2502 tres
236 2472 407 2511 pugillatas
424 2473 630 2511 denariorum
650 2473 803 2510 etproicit
815 2473 925 2502 diceus
943 2481 950 2502 2
970 2485 983 2499 κ
1004 2474 1123 2510 Argen-

159 2530 227 2555 tum
249 2531 280 2555 et
299 2534 413 2555 aurum
439 2534 501 2554 non
528 2530 575 2555 est
598 2525 677 2554 mibi
700 2525 738 2554 ad
760 2525 1015 2561 delectationem,
1040 2525 1123 2563 quod

157 2582 264 2608 autern
296 2578 396 2607 babeo
427 2578 486 2608 boc
518 2578 571 2607 tibi
597 2578 688 2607 dabo.
719 2590 731 2604 n
758 2578 847 2606 Tunc
876 2578 989 2616 accipit
1018 2578 1123 2616 ipsum

154 2763 180 2790 1.
196 2762 366 2795 Deusdedit,
384 2763 435 2794 IV,
457 2763 516 2791 131.
534 2778 564 2782 —
582 2763 693 2789 Exti-ait
708 2763 742 2788 de
758 2763 784 2788 la
799 2763 881 2788 lettre
897 2762 925 2788 9²
940 2761 975 2787 de
987 2769 1011 2788 s.
1027 2761 1123 2788 Pieri-e

116 2810 239 2837 Damien
259 2811 378 2846 (Migue‚
395 2813 423 2838 P.
438 2813 475 2843 L.,
493 2816 512 2838 t.
530 2811 662 2842 CXLIV,
679 2820 706 2846 p.
725 2810 862 2843 313-315).

153 2860 180 2887 2.
197 2859 369 2894 Deusdedit,
386 2860 439 2894 IV,
461 2861 519 2887 1³2.
529 2874 566 2881 -—
577 2860 695 2887 Recueil
708 2860 742 2886 de
754 2864 847 2886 textos
859 2860 978 2885 extr-aits
993 2859 1027 2885 de
1044 2859 1124 2885 l'his-

117 2909 191 2936 toire
203 2911 296 2936 sainte
312 2910 388 2936 etde
404 2910 500 2936 divers
517 2910 602 2937 Pei-es
618 2909 652 2935 dc
669 2909 797 2943 l'Eglise.

154 2957 180 2984 3.
197 2957 277 2984 Cette
293 2958 373 2992 piece
396 2958 487 2992 figure
509 2958 590 2985 aussi
615 2959 685 2984 cbez
706 2958 830 2983 Cencius
854 2960 896 2990 (n⁰
918 2956 1033 2987 LVIII),
1051 2957 1124 2983 mais

117 3015 188 3033 avec
201 3006 350 3041 beaucoup
365 3006 400 3033 de
417 3007 581 3033 retouches.

1254 988 1364 1016 nensis
1382 996 1454 1016 cuni
1473 996 1535 1017 nno
1553 998 1586 1017 ex
1609 989 1839 1025 cardinalibus,
1861 991 1907 1019 rel
1934 1000 1996 1020 uno
2012 1001 2046 1020 ex
2066 992 2213 1022 fratribus

1252 1041 1330 1069 suis.
1351 1040 1564 1069 Venientibus
1580 1046 1684 1070 autem
1701 1043 1791 1079 juxta
1809 1044 1907 1080 ipsam
1926 1044 2088 1073 basilicarii
2107 1045 2215 1074 Salva-

1253 1093 1327 1122 toris
1347 1102 1401 1130 per
1419 1094 1570 1130 porticum
1587 1094 1779 1122 acclamatur
1792 1105 1798 1123 ε
1812 1109 1823 1118 ι·
1843 1096 2021 1133 Ι)οη]ρι]ιιιη
2035 1097 2074 1126 N.
2086 1103 2214 1127 sanctus

1253 1146 1365 1175 Petrus
1381 1145 1486 1182 elegit,
1502 1159 1512 1170 ›:
1530 1152 1558 1174 et
1571 1147 1615 1174 sic
1631 1147 1750 1175 ducunt
1762 1157 1836 1176 enm
1857 1149 2008 1186 usquead
2028 1159 2211 1179 sacrosanc-

1253 1202 1317 1227 tum
1332 1198 1429 1226 altare
1447 1198 1589 1234 ejusdem
1611 1198 1751 1228 basilice.
1775 1200 1973 1229 Intrantibus
1992 1207 2096 1231 antem
2117 1203 2211 1232 eccle-

1252 1251 1345 1286 siam,
1362 1252 1401 1280 ab
1416 1252 1575 1280 universis
1595 1252 1844 1281 subdiaconibus
1860 1264 1932 1282 cum
1946 1264 2053 1283 eorum
2071 1257 2172 1293 priore
2185 1261 2213 1285 et

1252 1305 1434 1343 primicerio
1457 1314 1530 1333 cum
1551 1305 1634 1334 scola
1652 1311 1828 1340 cantorum,
1853 1307 1906 1344 qui
1927 1308 1980 1336 ubi
2001 1308 2112 1337 electio
2130 1309 2212 1337 cele—

1250 1357 1339 1386 brata
1363 1364 1408 1386 est
1429 1358 1538 1386 adesse
1561 1358 1695 1393 debent,
1721 1364 1865 1388 cantatur
1884 1361 1917 1388 Te
1942 1362 2030 1389 Deum
2050 1362 2214 1390 [anthimus

1251 1411 1400 1448 usquein
1420 1411 1515 1440 finem
1526 1411 1601 1439 dum
1611 1411 1692 1448 jacet
1708 1412 1739 1440 in
1753 1413 1893 1441 oratione
1907 1418 1979 1441 ante
1996 1414 2211 1452 supradictum

1249 1463 1360 1492 altare.
1381 1463 1447 1498 Qua
1469 1463 1570 1497 finita,
1588 1472 1605 1492 a
1621 1463 1840 1492 cardinalibus
1857 1465 2010 1502 episcopis
2027 1465 2073 1493 vel
2093 1466 2213 1502 presbi-

1252 1518 1326 1545 teris
1343 1516 1380 1544 ad
1399 1516 1506 1545 Setless]
1527 1517 1678 1553 majorem
1702 1517 1802 1554 ipsius
1828 1517 1957 1546 basilice
1973 1518 2111 1553 ducitur,
2132 1523 2159 1547 et
2180 1520 2210 1547 in

1251 1579 1286 1599 ea
1312 1573 1343 1597 ut
1372 1569 1505 1606 dignum
1528 1574 1584 1603 est,
1612 1569 1750 1606 ponitur.
1777 1569 1812 1598 In
1841 1578 1902 1607 qua
1929 1570 2002 1599 sede
2029 1570 2105 1599 dum
2129 1571 2215 1600 sedet

1250 1622 1380 1656 electus,
1400 1622 1510 1659 recipit
1523 1630 1634 1651 omnes
1649 1622 1825 1651 cardinales
1843 1627 1872 1651 et
1885 1631 1963 1660 quos
1978 1623 2039 1651 sibi
2058 1623 2212 1660 placuerit

1249 1675 1287 1704 ad
1306 1676 1398 1714 pedes
1417 1680 1446 1703 et
1462 1680 1567 1712 postea
1584 1675 1622 1704 ad
1646 1674 1787 1704 osculum
1808 1676 1903 1713 pacis.
1924 1675 2047 1710 Quibus
2066 1676 2207 1713 peractis.

1249 1728 1287 1757 ab
1310 1729 1379 1766 ipsa
1398 1728 1471 1757 sede
1484 1728 1608 1765 judices
1625 1728 1759 1757 electum
1782 1728 1901 1757 ducunt
1917 1751 1923 1763 ,
1942 1733 1971 1756 et
1991 1729 2130 1766 procedit
2143 1737 2210 1758 om-

1250 1782 1301 1810 nis
1319 1781 1370 1810 illa
1388 1781 1560 1810 multitudo
1576 1790 1647 1809 cum
1671 1781 1768 1809 electo
1790 1781 1987 1809 circumdato
2004 1781 2043 1809 ab
2059 1781 2210 1810 omnibus

1248 1834 1475 1869 cardinalibus,
1498 1834 1746 1863 subdiaconibus
1767 1838 1795 1861 et
1822 1833 2011 1871 primiceriis
2035 1842 2106 1862 cum
2126 1833 2211 1863 scola

1249 1888 1445 1926 pei-domum
1459 1896 1520 1925 qne
1537 1887 1654 1916 dicitur
1671 1887 1780 1924 Major.
1801 1887 1861 1916 Ubi
1880 1895 1952 1916 vero
1972 1892 2100 1915 ventum
2116 1887 2213 1916 fuerit

1248 1946 1321 1970 ante
1340 1941 1502 1970 basilicam
1521 1941 1620 1969 sancti
1644 1940 1786 1969 Silvestri
1807 1949 1903 1977 super
1921 1940 2012 1976 cujus
2028 1948 2136 1968 arcum
2155 1940 2210 1977 qui

1248 1998 1443 2022 sustentatur
1464 1993 1588 2022 duabus
1613 1992 1793 2030 columpnis
1816 1992 2005 2030 porfireticis
2027 1997 2073 2021 est
2096 2000 2212 2030 ymago

1249 2046 1421 2076 Salvator-is
1449 2055 1510 2084 que
1539 2055 1556 2074 a
1587 2045 1723 2083 quodam
1747 2045 1844 2083 judeo
1874 2053 2020 2082 percussa
2048 2046 2079 2073 in
2109 2045 2211 2074 fronte

1248 2100 1409 2129 emanavit
1431 2099 1637 2136 sanguinem,
1659 2099 1740 2127 sicut
1763 2098 1857 2127 hodie
1879 2098 2033 2128 cernitur.
2058 2097 2095 2125 ad
2114 2105 2209 2135 quani

1245 2153 1369 2191 judices
1386 2152 1520 2181 electum
1541 2152 1674 2180 ducunt.
1695 2151 1782 2179 Idem
1806 2150 1923 2179 electus
1945 2151 2030 2179 sedet
2046 2150 2084 2178 ad
2105 2150 2210 2179 dexte-

1249 2214 1316 2234 ram
1337 2206 1369 2234 in
1389 2206 1461 2234 sede
1479 2204 1670 2243 porfiretica,
1691 2203 1745 2233 ubi
1763 2203 1847 2241 prior
1865 2203 1994 2232 basilice
2011 2202 2112 2231 sancti
2130 2203 2211 2231 Lau-

1249 2257 1345 2287 rentii
1369 2258 1401 2286 iu
1421 2257 1541 2286 Palatio
1560 2257 1612 2285 dat
1629 2257 1656 2285 ei
1672 2256 1822 2290 ferulam,
1843 2265 1904 2293 que
1917 2261 1962 2284 est
1981 2256 2108 2292 signum
2127 2255 2212 2292 regi-

1249 2311 1346 2340 minis
1363 2315 1391 2339 et
1409 2310 1627 2345 correctionis,
1644 2314 1673 2338 et
1690 2309 1794 2338 claves
1818 2309 1918 2346 ipsius
1938 2308 2067 2337 basilice
2084 2312 2113 2336 et
2131 2308 2211 2336 sacri

1249 2364 1472 2393 Lateranensis
1501 2362 1619 2400 palatii,
1648 2362 1722 2400 quia
1749 2361 1926 2399 specialiter
1955 2360 2046 2389 Petro
2074 2361 2210 2398 principi

1247 2415 1459 2454 apostolorum
1485 2415 1556 2444 data
1574 2421 1620 2444 est
1638 2418 1774 2452 potestas
1797 2413 1965 2442 claudendi
1993 2418 2021 2441 et
2044 2412 2209 2450 aperiendi

1248 2474 1277 2498 et
1294 2468 1415 2505 ligandi
1431 2473 1525 2506 atque
1539 2466 1695 2501 solvendi,
1711 2470 1739 2494 et
1760 2475 1812 2504 per
1828 2466 1931 2503 ipsum
1946 2464 2124 2503 apostolum
2141 2473 2210 2493 om-

1248 2522 1343 2551 nibus
1363 2521 1518 2550 Romanis
1532 2519 1750 2558 pontificibus;
1767 2524 1796 2547 et
1812 2526 1883 2547 cum
1899 2518 1967 2555 ipsa
1985 2517 2084 2546 ferula
2096 2521 2125 2546 et
2143 2517 2208 2546 cla-

1248 2576 1339 2604 vibus
1362 2574 1481 2604 accedit
1500 2573 1538 2603 ad
1559 2573 1690 2602 alteram
1714 2572 1821 2601 sedem
1847 2571 1988 2600 similem
2011 2576 2041 2599 et
2064 2570 2209 2608 ejusdem

1249 2629 1376 2667 lapidis,
1394 2633 1424 2657 et
1439 2626 1657 2656 redditeidem
1675 2625 1772 2663 priori
1788 2629 1849 2653 tam
1863 2623 1997 2653 ferulam
2013 2631 2109 2661 quam
2126 2623 2210 2660 ipsas

1247 2682 1362 2712 claves.
1386 2682 1420 2710 In
1434 2690 1496 2718 qua
1512 2679 1588 2708 dum
1607 2677 1808 2716 aliquantula
1825 2685 1912 2706 mora
1930 2681 2050 2714 pausat,
2067 2676 2210 2713 cingitur

1247 2738 1286 2765 ab
1317 2735 1427 2764 eodem
1463 2734 1566 2772 priore
1597 2733 1694 2761 rubeo
1726 2730 1857 2768 cingulo
1891 2731 1925 2759 in
1960 2738 2024 2768 quo
2052 2728 2211 2766 dependet

1246 2789 1341 2819 bursa
1363 2796 1522 2827 purpurea
1543 2787 1577 2815 in
1601 2794 1662 2824 qua
1683 2789 1757 2814 sunt
1786 2784 1849 2813 XII
1871 2783 1976 2820 sigilla
1998 2782 2208 2820 pretiosorum

1246 2841 1389 2880 lapidum
1401 2845 1431 2870 et
1450 2848 1607 2869 muscum.
1624 2837 1688 2874 Qui
1703 2837 1860 2875 siquidem
1875 2836 1992 2865 electus
2005 2835 2069 2863 illis
2083 2835 2209 2863 duabus

1245 2894 1375 2924 sedibus
1395 2894 1439 2922 sic
1458 2892 1568 2921 sedere
1583 2891 1676 2920 debet
1693 2899 1728 2919 ac
1745 2890 1771 2918 si
1789 2889 1934 2918 videatur
1949 2888 2032 2916 inter
2049 2887 2129 2916 duos
2146 2887 2209 2915 lec-

1247 2947 1456 2984 tulosjacere‚
1474 2945 1503 2974 id
1517 2949 1573 2977 est,
1595 2943 1803 2972 utaccumbat
1818 2942 1901 2970 inter
1917 2940 2072 2978 principis
2085 2944 2209 2977 aposto-

1246 2999 1349 3030 lorum
1376 2999 1461 3028 Petri
1481 2998 1652 3036 primatum
1669 3001 1698 3025 et
1716 2995 1808 3024 Pauli
1824 2994 1959 3024 doctoris
1975 2993 2120 3030 gentium
2137 2999 2208 3029 pre-
