2455 3560
630 351 678 380 LE
703 352 846 382 LIBER
869 351 1100 382 CENSUUM
1125 352 1177 381 DE
1201 344 1386 382 L'EGLISE
1410 353 1616 383 ROMAINE.
2126 356 2162 387 23

124 415 169 445 les
183 419 212 446 et
226 415 344 453 legatos
355 417 437 454 apud
454 417 621 447 Pei-nsium
634 418 672 447 ad
686 418 778 457 pedes
792 419 910 448 summi
925 418 1082 457 pontificis

125 477 180 507 pro
198 469 386 507 inpetranda
404 470 497 499 venia
520 475 550 500 et
569 471 680 500 eodem
703 471 740 500 ad
764 471 883 501 Urbem
902 471 1082 501 reducendo

125 521 292 560 pontifice,
309 532 380 551 curn
399 522 642 552 honorificentia
664 523 770 553 debita
790 524 1000 553 destinarunt.
1021 523 1082 559 Qui

125 574 287 612 benignus
306 580 393 612 pater
412 579 441 605 et
457 576 617 613 dominus,
638 585 698 606 non
718 577 817 606 elatus
835 582 880 606 set
897 577 1083 607 humiliatus

127 628 230 666 potius
246 637 281 657 ex
300 629 456 664 vindicta,
476 630 579 659 tristes
600 630 742 659 filiorum
764 634 894 659 eventus
915 635 945 659 et
965 629 1082 668 suppli-

123 681 266 710 cantium
285 681 457 719 legatorum
481 683 617 720 suspiria
634 683 853 720 compassione
870 688 996 721 paterna
1013 692 1081 712 sus-

125 733 260 772 cipiens,
271 734 355 763 circa
367 735 414 763 sui
428 735 532 773 quarti
544 735 622 764 anni
635 736 773 764 exitum¹
788 736 907 764 mensis
920 735 1081 771 februarii,

125 786 300 816 ebdomada
333 787 460 825 majoris
490 788 733 826 quadragesime
764 790 882 826 prima,
906 789 937 817 in
963 788 1082 818 Urbem

123 848 198 869 cum
222 839 324 877 gloria
352 844 381 869 et
406 840 629 869 inextimanda
656 840 756 870 letitia
780 840 887 879 populi
913 840 1084 870 exultantis

125 892 265 921 intravit.
285 892 410 928 Quibus
428 893 566 922 exaustis
584 898 614 922 et
635 893 729 922 famis
752 894 867 922 attritis
891 893 997 922 inedia
1018 894 1083 922 tru-

126 949 234 974 menta
258 945 296 975 de
320 946 434 975 vicinis
455 946 597 984 partibus
619 955 655 975 eo
678 947 849 976 mandante
876 946 1007 976 collecta
1035 947 1084 985 pia

126 998 317 1028 liberalitate
328 998 468 1028 donavit.
486 999 578 1028 Alias
592 999 687 1028 etiam
700 1000 782 1029 circa
793 1000 877 1038 ipsos
893 1000 930 1029 de
944 1000 1085 1029 ubertate

126 1052 236 1081 matris
259 1052 399 1081 Ecclesie
417 1062 477 1090 que
500 1062 594 1090 super
610 1053 731 1081 afflictis
753 1053 801 1091 pia
825 1057 947 1090 gestare
966 1053 1086 1082 viscera

125 1105 290 1135 consuevit
313 1114 421 1135 eorum
442 1107 556 1135 mei-ori
580 1115 779 1144 compassus,
799 1115 912 1135 manus
935 1106 1085 1135 munifice

126 1158 348 1188 subventionis
364 1159 516 1188 extendit.

169 1212 214 1242 14.
226 1229 261 1234 ——
272 1212 362 1241 Tunc
375 1212 408 1241 in
422 1211 553 1242 basilica
565 1222 637 1242 vero
651 1213 872 1250 Apostolorum
888 1213 1040 1251 principis
1052 1213 1083 1242 in

128 1265 257 1304 majoris
269 1268 376 1303 porte²
392 1265 549 1295 vestibulo
563 1265 712 1303 parietem
730 1265 900 1295 altitudine
915 1266 1085 1304 pregrandi

126 1319 285 1347 erectum³
298 1318 422 1347 vestivit
433 1318 537 1356 lapide
552 1318 712 1354 deaurato,
728 1318 882 1348 nobilium
895 1319 1085 1357 ymaginum

128 1372 238 1401 decore
274 1372 471 1401 distinctum.
509 1372 705 1410 Campanam
739 1373 819 1401 mire
855 1372 1087 1409 magnitudinis

127 1425 283 1455 concessit
306 1425 444 1462 ibidem,
463 1435 525 1464 que
546 1430 665 1455 ceteras
684 1426 781 1456 Urbis
801 1430 831 1455 et
853 1426 1088 1464 comparatione

127 1479 269 1517 corporis
307 1483 336 1508 et
365 1479 458 1509 boatu
491 1479 674 1509 sonoritatis
704 1479 836 1508 excedit.
874 1479 965 1508 Tunc
1001 1479 1086 1508 enim

129 1532 290 1561 Anibaldo
308 1537 437 1570 regente
453 1537 611 1568 senatum,
628 1533 702 1571 quia
722 1533 753 1561 iu
775 1532 859 1561 Urbe
876 1535 1000 1570 propter
1017 1541 1086 1570 pas-

130 1586 206 1615 toris
221 1585 399 1614 absentiam
418 1585 471 1615 ille
492 1586 694 1623 contagiosus
713 1585 842 1615 morbus
862 1585 998 1614 heretice
1017 1594 1087 1623 pra-

130 1638 236 1668 vitatis
263 1639 450 1676 irrepserat,
480 1643 513 1668 ut
541 1639 661 1668 occulto
690 1643 792 1668 meatu
826 1639 994 1677 proficiens
1019 1639 1087 1677 jam

130 1691 255 1730 publica
272 1696 465 1721 nocumenta
482 1697 682 1727 monstraret,
696 1692 906 1730 inquisitione
924 1692 1088 1730 preliabita

128 1744 287 1782 diligenti,
307 1750 380 1774 ante
397 1745 535 1774 hostium
556 1745 687 1782 majoris
708 1745 839 1774 basilice
855 1745 1001 1782 Virginis
1018 1744 1086 1782 glo-

129 1798 224 1835 riose,
239 1803 385 1827 senatore
401 1807 437 1827 ac
454 1798 567 1836 populo
584 1798 729 1827 Romano
743 1798 952 1836 presentibus,
971 1798 1087 1828 multos

131 1851 346 1889 presbyteros.
366 1850 497 1880 clericos
517 1850 632 1880 multos
655 1855 684 1880 et
702 1852 867 1889 utriusque
883 1860 975 1880 sexus
993 1851 1088 1881 laicos

131 1903 339 1943 hujus[modi]
355 1903 441 1943 lepra
454 1909 726 1943 coiispe1·SOS,tuin
743 1904 874 1933 testibus
886 1909 950 1933 tum
964 1904 1089 1942 propria

129 1957 328 1986 confessione
352 1956 535 1992 damnavit,
564 1957 763 1995 presbyteros
792 1958 875 1996 ipsos
900 1961 929 1986 et
958 1957 1088 1987 clericos

130 2010 228 2039 sacris
251 2009 378 2039 indutos
397 2014 427 2038 et
448 2009 578 2038 demum
604 2014 764 2048 spectante
791 2009 903 2048 populo
930 2011 1088 2040 universis

131 2063 272 2093 vestibus
285 2063 434 2102 spoliatos
451 2063 607 2093 sententie
621 2068 770 2101 perpetue
782 2063 988 2101 depositionis
1001 2063 1089 2094 addi-

130 2125 214 2146 cens.
243 2117 377 2146 Pontem
405 2121 511 2145 autem
540 2120 647 2145 sancte
675 2115 775 2144 Marie
803 2116 954 2153 gravibus
982 2116 1090 2146 refecit

131 2169 276 2208 inpensis
292 2169 454 2198 alluvione
476 2169 611 2207 Tyberis
635 2168 834 2198 demolitum.
858 2169 892 2197 Et
915 2169 991 2207 qnia
1014 2178 1089 2207 que-

130 2222 203 2251 dam
226 2222 322 2252 Urbis
346 2222 464 2251 itinera
480 2222 529 2250 sui
551 2221 747 2251 concavitate
769 2222 882 2251 reflexa
903 2231 958 2259 per
979 2222 1089 2251 deten-

133 2276 249 2305 tionem
279 2275 485 2313 putredinum
511 2274 574 2304 fere
602 2274 838 2304 inaccessibilia
862 2274 1087 2313 reddebantur,

135 2337 192 2358 nec
212 2334 316 2357 tamen
332 2328 451 2366 absque
473 2327 662 2365 gravissima
684 2322 801 2357 civium
828 2327 947 2357 ibidem
969 2328 1088 2366 degen-

135 2383 214 2412 tium
230 2380 415 2420 corruptela,
437 2384 523 2419 pater
539 2380 711 2410 munificus
727 2380 863 2418 quedam
881 2380 952 2410 fieri
974 2390 1090 2420 purga-

132 2437 240 2464 menta
256 2434 405 2470 decrevit,
423 2442 485 2472 que
503 2433 640 2463 Romani
657 2432 791 2462 clavicas
804 2438 928 2470 vocant,
946 2442 1000 2472 per
1015 2443 1090 2472 qua-

133 2496 204 2516 rum
228 2492 331 2516 vastos
355 2486 438 2515 iatus
458 2485 614 2515 influente
639 2485 806 2524 putredine
833 2485 1002 2515 salubriter
1023 2487 1090 2516 aeri

133 2539 316 2579 providetur
331 2544 361 2568 et
376 2541 436 2568 vie.

129 2725 155 2751 1.
177 2724 218 2751 Ici
234 2732 337 2750 encore
359 2724 385 2750 la
406 2723 591 2758 chronologic
612 2727 657 2750 est
677 2723 872 2751 desectueuse.
895 2724 1089 2753 L'inondation

93 2777 139 2801 est
158 2773 229 2800 celle
249 2773 285 2799 du
311 2774 345 2798 1er
368 2772 472 2798 sevi-ier
498 2772 574 2805 ¹230,
595 2774 609 2798 a
633 2773 658 2798 la
677 2772 714 2798 fin
738 2773 772 2798 de
795 2773 819 2798 la
839 2775 973 2800 troisiel‘me
988 2777 1089 2802 annee.

93 2822 171 2849 C’est
193 2824 208 2848 a
228 2822 251 2848 la
272 2821 346 2848 suite
363 2821 397 2847 dc
413 2825 488 2847 cette
506 2821 636 2847 calamite
652 2829 707 2855 que
724 2821 748 2846 le
765 2829 834 2856 pape
851 2823 943 2849 revint
958 2824 972 2848 a
989 2823 1089 2855 Rome,

94 2872 166 2898 daus
187 2871 228 2897 les
250 2871 379 2896 ‹lerniers
398 2871 484 2903 joui-s
503 2869 537 2895 de
561 2869 680 2901 fevi-iem
705 2870 728 2895 la
753 2871 890 2904 premiere
910 2872 1036 2897 sumaine
1056 2872 1092 2899 de

92 2919 211 2946 cai-eme
227 2921 417 2953 commeucait
433 2919 456 2944 le
471 2918 622 2945 dimanclie
638 2920 668 2944 24
686 2918 801 2945 fevi-ier.

129 2968 157 2996 2.
174 2968 236 2995 God.
252 2973 358 3002 sporte.

131 3018 156 3043 3.
174 3017 235 3044 Coa.
253 3021 409 3050 scrcptum.

1247 419 1292 448 15.
1321 436 1355 440 —
1377 418 1523 448 Ceterum
1547 421 1619 458 quia
1646 421 1779 450 [tomani
1807 422 2021 451 Viterbienses
2045 423 2160 452 imnia-

1205 471 1286 500 niter
1303 477 1538 509 persequentes,
1559 474 1657 511 captis
1678 475 1909 504 munitionibus
1928 480 1956 504 et
1975 475 2160 506 hominibus

1204 523 1242 552 de
1265 524 1494 562 potentioribus
1518 526 1652 555 civitatis
1675 536 1710 556 ac
1731 528 1925 557 animalibus
1945 529 2027 558 datis
2043 530 2074 558 in
2093 539 2160 567 pre-

1204 576 1287 608 dam,
1307 577 1400 605 annis
1414 577 1550 613 singulis
1567 580 1675 607 vineas
1688 585 1717 609 et
1736 586 1854 617 segetes
1870 581 2088 615 devastabant,
2109 591 2161 620 per

1204 628 1287 666 qnod
1311 629 1524 659 Viterbienses
1543 631 1678 668 quadam
1703 632 1920 670 desperatione
1944 635 2092 664 commoti
2113 635 2159 663 vi-

1205 681 1293 710 cinos
1322 681 1458 710 Ecclesie
1485 683 1620 719 flagellis
1643 684 1826 714 durioribus
1849 687 1986 723 affligere
2010 695 2072 717 non
2096 696 2160 716 ces-

1206 734 1336 768 sabant,
1361 740 1393 763 ut
1415 734 1498 764 idem
1520 736 1671 765 dominus
1686 746 1703 766 a
1719 737 1772 766 tali
1792 747 1938 776 pressura
1965 739 2072 769 fideles
2097 740 2158 769 eri-

1205 791 1310 825 peret,
1349 788 1428 817 duos
1464 788 1501 817 de
1538 790 1687 819 fratribus
1723 792 1788 819 suis
1824 792 2020 821 venerabiles
2059 798 2160 831 patres

1205 840 1385 870 Ostiensem
1412 843 1593 880 episcopum
1620 847 1649 872 et
1674 844 1708 873 T.
1735 850 1840 873 sancte
1864 846 1980 875 Sabine
1998 846 2160 884 presbyte-

1205 903 1277 923 rum
1305 894 1501 924 cardinalem
1528 895 1704 925 Viterbiurn
1734 898 1917 933 destinavit,
1947 908 2000 936 per
2024 908 2160 937 quorum

1207 955 1320 976 manus
1350 947 1407 976 fuit
1438 948 1538 977 forma
1568 949 1805 986 compositionis
1834 951 1974 987 inventa,
2005 960 2160 982 consensu

1207 1000 1345 1038 partium
1372 1005 1401 1029 et
1427 1000 1598 1029 sufficienti
1625 1001 1772 1031 cautione
1797 1002 1920 1031 vallata.
1951 1004 1986 1032 Et
2013 1004 2085 1033 licet
2108 1004 2161 1034 ille

1207 1057 1352 1082 versutus
1372 1055 1536 1091 Augustus
1557 1063 1672 1092 augere
1694 1055 1868 1085 discordias
1888 1062 1996 1086 contra
2016 1066 2071 1087 sue
2095 1067 2159 1087 ma-

1203 1106 1326 1144 jestatis
1341 1106 1481 1136 debitum
1497 1107 1675 1143 moliretur,
1690 1108 1834 1138 minister
1851 1110 2006 1147 nequitie,
2023 1110 2160 1140 fomenta

1206 1158 1361 1197 gravioris
1383 1158 1449 1188 odii
1475 1159 1708 1196 ministrando,
1732 1164 1764 1189 ut
1787 1161 1910 1199 antiqui
1932 1162 2080 1192 draconis
2104 1163 2162 1192 im-

1208 1211 1336 1240 mitator
1352 1216 1381 1240 et
1396 1211 1488 1241 heres
1505 1221 1559 1250 per
1576 1212 1662 1241 mille
1684 1214 1815 1242 nocendi
1838 1215 1945 1244 modos
1961 1215 2058 1244 caude
2075 1216 2160 1244 frau-

1207 1264 1346 1294 dulentis
1370 1265 1480 1295 aculeo
1508 1266 1539 1294 in
1569 1267 1677 1295 matris
1705 1273 1810 1305 pectus
1830 1277 1989 1297 venenum
2009 1269 2160 1298 infunde-

1208 1323 1254 1347 ret
1277 1323 1535 1356 preconceptum,
1562 1320 1616 1348 ut¹
1647 1319 1695 1349 vel
1722 1324 1822 1349 mater
1846 1321 1984 1350 filiorum
2014 1322 2162 1351 destituta

1209 1371 1353 1401 subsidio
1386 1371 1511 1401 facilius
1546 1372 1640 1402 ruine
1676 1378 1794 1410 pateret
1832 1373 1879 1402 vel
1915 1373 2025 1403 saltem
2056 1375 2161 1403 turba-

1210 1425 1303 1454 tionis
1327 1426 1524 1463 experiretur
1549 1425 1714 1462 angustias
1740 1427 1772 1455 in
1799 1426 1995 1456 dissentione
2016 1433 2161 1457 natorum

1209 1478 1330 1507 nullius
1347 1478 1464 1516 quietis
1485 1478 1641 1507 beneficio
1662 1479 1811 1517 potitura,
1829 1479 1988 1509 Jobannis
2001 1475 2013 1492 ‘²
2034 1480 2071 1509 de
2088 1480 2163 1510 Polo

1209 1536 1283 1560 tunc
1307 1532 1482 1560 senatoris³
1505 1532 1599 1561 Urbis
1625 1536 1653 1561 et
1677 1533 1876 1570 quorundam
1903 1533 2057 1562 nobilium
2082 1542 2163 1572 quos

1208 1585 1301 1623 pretii
1327 1585 1471 1614 mercede
1496 1590 1677 1624 corruperat
1695 1586 1847 1623 suffragio
1867 1587 2074 1623 comitatus⁴3
2093 1596 2162 1616 eam

1210 1643 1314 1668 tamen
1339 1643 1425 1676 pater
1443 1638 1616 1677 provi[dus]
1641 1639 1759 1668 curavit
1785 1640 1931 1668 invenire
1952 1639 2106 1669 cautelam
2130 1644 2163 1669 ut

1209 1691 1309 1721 hostis
1320 1691 1520 1728 argumentis
1535 1691 1620 1719 elisis
1633 1691 1793 1720 discordes
1806 1692 1887 1721 filios
1899 1692 1936 1721 ad
1953 1693 2061 1722 matris
2075 1693 2162 1722 redu-

1209 1745 1458 1782 ceretgremium
1468 1744 1646 1773 firmissimi
1657 1744 1771 1773 federis
1783 1745 1900 1774 unione
1911 1744 2162 1783 paeat0s‚'eorum

1209 1798 1254 1827 sic
1278 1797 1419 1826 labores⁵
1447 1797 1576 1826 metitus
1601 1802 1631 1825 et
1654 1797 1792 1835 dampna
1817 1803 1848 1826 ut
1876 1798 1914 1827 de
1937 1799 2047 1827 matris
2068 1799 2164 1828 ubere

1209 1851 1364 1880 Romanis
1394 1850 1467 1879 filiis
1495 1849 1584 1879 lactis
1609 1851 1730 1888 copiam
1756 1850 1952 1880 ministraret
1983 1860 2040 1881 nec
2065 1851 2163 1881 relin-

1209 1909 1320 1941 queret
1337 1903 1415 1932 alios
1437 1903 1588 1932 ubertatis
1605 1908 1753 1933 extorres.
1771 1903 1913 1938 Quorum
1930 1905 2052 1942 inopie,
2069 1914 2163 1943 quam

1210 1965 1246 1986 ex
1269 1965 1362 1985 causa
1389 1956 1599 1985 dissensionis
1629 1956 1846 1991 incurrerant,
1875 1957 1988 1994 viginti
2014 1957 2100 1986 milia
2125 1958 2165 1986 li-

1210 2009 1338 2038 brarum
1356 2008 1487 2037 ecclesia
1511 2009 1651 2038 nomana
1668 2009 1838 2043 concessit,
1858 2010 1997 2038 sanctius
2015 2010 2165 2048 Judicans

1211 2070 1284 2091 vasa
1311 2062 1468 2090 viventia⁵
1495 2070 1588 2099 quam
1620 2061 1747 2090 metalla
1777 2071 1914 2091 servare.
1948 2062 2062 2100 Sicque
2093 2073 2165 2102 pace

1211 2114 1462 2144 discordantium
1489 2113 1626 2143 stabilita
1654 2115 1792 2153 captivos
1814 2114 1961 2144 liberavit
1984 2116 2163 2154 utrimque,

1212 2167 1352 2196 vestibus
1377 2171 1407 2196 et
1431 2167 1618 2196 muneribus
1641 2167 1810 2196 honoratos
1823 2170 1846 2203 ⁷,
1876 2168 1920 2197 sic
1942 2169 2054 2206 quevis
2079 2174 2166 2207 pater

1211 2220 1291 2250 circa
1311 2220 1444 2249 salutern
1469 2219 1607 2249 filiorum
1629 2220 1806 2249 errantium
1827 2221 1958 2258 provida
1980 2221 2166 2252 liberalitate

1210 2281 1437 2311 compensans,
1463 2278 1496 2301 ut
1518 2272 1574 2302 lios
1594 2282 1611 2301 a
1632 2282 1713 2310 pena
1735 2273 1961 2302 destructionis
1985 2275 2120 2313 eriperet
2138 2281 2168 2305 et

1210 2326 1287 2356 alios
1301 2330 1495 2364 preservaret
1510 2334 1527 2354 a
1541 2326 1643 2364 culpa.

1253 2379 1298 2408 16.
1333 2395 1371 2400 -
1402 2379 1473 2408 Jam
1505 2369 1674 2416 siqnidem'
1698 2379 1855 2417 predictus
1889 2381 2027 2418 pontifex
2062 2382 2168 2411 estatis

1211 2432 1351 2471 proxime
1370 2432 1544 2470 suspitione
1566 2436 1745 2470 permotus,
1763 2433 1876 2470 quinto
1898 2433 1946 2462 sui
1969 2433 2168 2472 pontificatus

1211 2487 1320 2515 anno8
1346 2484 1384 2514 ad
1409 2485 1569 2514 civitatem
1596 2494 1628 2514 se
1654 2485 1790 2515 contulit
1818 2486 2002 2522 Reatinam,
2033 2487 2084 2516 ubi
2113 2497 2169 2526 per

1229 2652 1234 2656 .
1250 2631 1312 2658 Cod.
1330 2631 1389 2664 qui.

1228 2699 1233 2704 .
1251 2679 1313 2706 (lod.
1329 2678 1487 2705 Johannes.

1228 2749 1234 2755 .
1251 2728 1312 2756 eod.
1330 2731 1472 2754 senatore.

1228 2797 1234 2804 .
1253 2777 1313 2803 eod.
1329 2776 1493 2803 comitatur.

1228 2846 1234 2852 .
1251 2825 1314 2852 Coa.
1331 2825 1426 2851 labore
1443 2826 1568 2852 metitur.

1209 2874 1234 2899 Γ).
1253 2873 1315 2899 Cod.
1333 2873 1500 2900 viventium.

1210 2923 1236 2948 7.
1253 2922 1334 2948 Cette
1349 2921 1444 2948 aflaire
1461 2922 1495 2948 de
1514 2922 1630 2949 Viterbe
1647 2932 1680 2949 ne
1701 2923 1742 2949 fut
1758 2925 1851 2958 reglee
1867 2925 1949 2958 qu’en
1967 2927 2035 2951 avril
2056 2926 2129 2960 1233,
2147 2927 2173 2953 la

1175 2973 1298 3005 septieme
1312 2973 1402 2997 annee
1419 2971 1455 2997 du
1473 2972 1628 3006 pontificat.

1212 3019 1238 3046 8.
1256 3020 1302 3046 Au
1318 3024 1564 3046 commenceinent
1579 3020 1614 3046 de
1625 3021 1689 3055 juin
1710 3021 1785 3049 1231.

1207 2631 1224 2851 0*ιῶωέΟρ
