2455 3560
609 359 656 387 1AE
682 359 826 388 LIBER
851 358 1083 388 CENSUL'M
1109 359 1162 387 DE
1188 351 1373 388 1,'EG1,ISE
1400 360 1608 390 ROMMNF..
2119 368 2151 396 81

95 429 269 451 testamento
295 425 480 451 continentur
500 432 637 459 presens,
663 424 702 450 sui
726 429 754 450 et
773 424 807 450 ad
834 423 917 450 fidem
943 425 1066 458 premis-

93 481 192 499 sorum
218 481 302 499 manu
321 473 435 508 propria
454 473 615 507 subscripsi
633 477 752 507 rogatus
767 477 795 498 et
812 473 981 506 requisitus.

128 521 189 556 Ego
206 522 292 548 frater
307 521 427 548 Carolus
442 521 553 548 ordinis
570 521 712 547 Minoi-um
730 529 763 548 ac
779 522 905 548 vicarius
922 522 975 547 loci
991 521 1066 547 sacri

93 574 256 597 conventus
273 571 387 597 Areceli
404 571 487 597 testis
503 570 732 604 suprascriptus,
748 570 884 596 omnibus
899 573 927 596 et
942 570 1067 603 singuiis

93 627 149 653 que
165 618 192 645 in
211 619 409 653 suprascripto
425 619 618 645 instrumento
633 619 820 644 continentur
837 627 958 652 presens
972 618 1022 650 fui,
1039 622 1067 644 et

93 667 126 693 ad
150 667 233 693 fidem
257 667 463 701 premissorum
487 670 571 693 manu
590 667 704 701 propria
725 666 888 700 subscripsi
906 670 1024 700 rogatus
1040 671 1068 692 et

95 715 263 749 requisitus.

130 763 191 797 Ego
214 764 301 789 frater
324 764 471 790 Antonius
493 762 639 789 Francisci
663 763 774 789 ordinis
799 763 941 790 Minorum
967 764 1068 798 prefati

94 812 148 838 loci
164 820 198 838 ac
214 813 297 838 testis
314 813 550 846 prenominatus,
567 812 704 838 omnibus
724 816 752 838 et
767 813 891 846 singulis
907 822 963 847 que
979 821 1068 847 supe-

95 861 156 886 rius
176 861 363 886 continentur
384 868 505 894 presens
522 861 563 886 fui
580 865 608 887 et
623 861 730 892 audivi,
748 861 824 886 etad
842 861 926 887 fidem
945 862 1068 895 premis-

94 917 193 935 sorum
209 917 254 935 me
269 909 433 944 subscripsi
455 913 574 943 rogatus
589 914 617 936 et
634 910 802 944 requisitus.

130 956 165 983 Et
185 965 240 991 ego
257 957 344 983 frater
361 956 534 983 Franciscus
549 958 584 983 de
602 956 832 989 Vallemontone,
849 958 959 984 ordinis
976 958 1070 985 Mino-

95 1013 158 1031 rum
182 1006 412 1040 suprascriptus,
437 1006 522 1032 testis
543 1006 582 1032 sui
607 1006 639 1032 ad
663 1006 760 1032 omnia
783 1011 811 1032 et
833 1007 947 1039 singula
963 1015 1020 1040 que
1041 1007 1068 1033 in

94 1054 149 1080 hoc
163 1058 337 1080 testamento
355 1054 549 1085 continentur,
562 1059 590 1081 et
607 1055 639 1080 ad
657 1055 741 1081 fidem
757 1056 964 1090 premissorum
983 1064 1068 1082 manu

93 1111 157 1128 mea
175 1103 290 1138 propria
307 1111 352 1130 me
368 1103 541 1138 subscripsi.

130 1151 164 1178 Et
191 1160 246 1186 ego
269 1152 357 1178 frater
383 1151 543 1187 Pbylippus
567 1152 602 1179 de
628 1152 767 1179 Vercellis
791 1153 900 1180 ordinis
927 1153 1069 1180 Minorum

95 1201 324 1235 suprascriptus,
350 1201 434 1227 testis
457 1201 498 1227 fui
523 1201 557 1227 ad
582 1202 677 1228 onmia
701 1207 729 1227 et
752 1202 866 1236 singula
887 1211 942 1237 que
965 1203 990 1228 in
1016 1203 1070 1229 hoc

94 1253 268 1275 testamento
290 1250 427 1284 superius
449 1251 646 1281 continentur,
663 1254 692 1276 et
709 1251 742 1276 ad
759 1251 843 1277 fidem
862 1252 1068 1286 premissorum

94 1305 180 1323 manu
198 1297 312 1332 propria
329 1306 374 1324 ule
390 1298 564 1332 subscripsi.

130 1346 165 1373 Et
187 1355 240 1381 ego
265 1346 428 1382 Cyprianus
454 1347 488 1373 de
512 1346 640 1374 Viterbio
665 1348 775 1374 ordinis
799 1348 941 1375 Minorum
967 1357 1070 1383 supra-

1184 425 1316 458 scriptis,
1342 427 1426 451 testis
1447 427 1486 452 fui
1509 436 1627 460 presens
1649 428 1680 453 :ul
1699 430 1793 454 omnia
1810 434 1837 455 et
1854 430 1967 461 singul-*1
1984 440 2039 466 que
2058 433 2084 458 in
2103 434 2155 459 hoc

1185 477 1358 499 testamento
1374 474 1567 501 continentur.
1581 480 1608 501 et
1621 476 1652 501 a=l
1672 477 1754 502 fidem
1769 479 1974 511 premissorum
1993 488 2076 506 manu
2092 489 2156 514 pro-

1185 521 1245 555 pria
1260 529 1305 547 me
1322 522 1492 556 subscripsi.

1221 568 1254 595 Et
1269 578 1324 602 ego
1342 570 1426 596 frater
1443 570 1588 598 Marianus
1604 572 1637 598 de
1657 573 1746 599 stoma
1763 575 1872 601 mulinis
1892 575 2033 602 Minoi-um
2055 578 2154 611 prefati

1186 618 1239 643 loct
1262 627 1295 644 ac
1317 619 1399 644 testis
1421 621 1647 653 prenominatus.
1666 630 1720 655 quo
1738 623 1873 656 superius
1889 625 2073 650 continentur
2091 635 2155 660 pre-

1185 674 1254 692 sens
1285 667 1335 697 sui,
1368 668 1423 693 ridi
1453 673 1481 693 et
1508 669 1612 701 audivi,
1639 674 1667 696 et
1697 671 1730 695 ad
1761 672 1843 697 fidem
1874 673 2079 706 premissorum
2112 684 2156 700 me

1187 715 1347 750 subscripsi
1365 724 1447 742 manu
1466 718 1578 751 propria
1596 725 1714 752 rogatus
1730 726 1757 745 et
1775 721 1941 754 requisitus.

1202 812 1259 848 §Ph
1276 813 1447 840 cardinalis¹
1469 816 1561 841 sancti
1586 815 1716 849 Georgii,
1744 817 1850 843 domini
1874 827 1944 853 pape
1965 820 2154 854 camerarius,

1187 862 1418 895 suprascriptum
1436 864 1590 895 registrum
1607 865 1674 890 dicti
1693 868 1855 892 testamenti
1872 876 1936 892 euin
1954 876 2008 893 suo
2025 869 2155 902 originali

1188 909 1308 936 fideliter
1326 911 1519 937 auscultatum
1535 912 1765 946 subscripsimus
1784 922 1866 939 manu
1885 915 2009 948 propriu.

1222 957 1284 991 Ego
1302 959 1359 985 An.
1379 959 1412 984 de
1437 959 1580 991 Vim-bio,
1601 963 1813 994 protonotarius
1829 967 1856 988 et
1872 959 2028 996 apostolice
2045 973 2156 991 camere

1187 1007 1327 1040 clericus,
1353 1008 1551 1042 supradictum
1574 1014 1774 1035 testamentum
1804 1011 1949 1044 publicum
1976 1014 2155 1046 recognitum

1187 1065 1220 1082 ac
1247 1065 1297 1090 per
1322 1065 1366 1082 me
1388 1062 1415 1082 et
1437 1066 1537 1083 omnes
1559 1058 1706 1091 domium,
1727 1059 1861 1085 videlicet
1882 1061 2154 1087 reverendissimum

1187 1105 1334 1131 dominum
1352 1114 1540 1132 camerarium
1564 1107 1720 1140 predictum
1744 1116 1776 1133 ac
1798 1108 1919 1134 clericos
1941 1117 2054 1135 camere
2071 1110 2158 1136 inira-

1188 1154 1373 1188 subscriptos
1400 1155 1602 1188 collatiorisavji
1628 1159 1656 1181 et
1681 1157 1839 1182 auscultavi
1865 1157 1985 1183 fideliter
2012 1166 2076 1184 cum
2103 1167 2156 1185 suo

1188 1204 1320 1237 originali
1337 1208 1365 1229 et
1382 1212 1466 1229 manu
1484 1204 1598 1238 propria
1613 1205 1775 1240 subscripsi
1793 1205 1819 1231 in
1838 1207 1960 1239 presenti
1978 1207 2110 1241 registro,
2129 1209 2155 1234 in

1187 1260 1300 1278 camera
1317 1253 1484 1286 apostolica.

1224 1300 1283 1334 Ego
1305 1300 1468 1327 Ludos-icus
1486 1301 1636 1335 Agnellus,
1656 1303 1870 1335 protonotarius
1885 1311 1918 1328 ac
1934 1304 2090 1336 apostolice
2107 1313 2157 1330 ca-

1187 1357 1265 1376 mere
1281 1350 1415 1382 clericus,
1433 1351 1614 1376 collationavi
1631 1355 1658 1377 et
1674 1351 1834 1385 subscripsi
1852 1359 1896 1377 mc
1914 1355 1943 1377 ut
1959 1360 2056 1386 supra.

597 1492 632 1524 2⁰
659 1489 774 1524 Dans
803 1490 1002 1537 l’ori'fst'nal
1020 1490 1149 1538 perdi(
1177 1491 1227 1526 [la
1254 1491 1466 1527 Parisinus
1493 1492 1617 1526 4188.

130 1621 168 1648 Ce
185 1624 345 1649 manuscrit
359 1631 392 1649 se
409 1623 555 1650 terminait
576 1632 626 1658 par
649 1623 720 1649 trois
740 1623 914 1649 documents
938 1623 1071 1658 indiques

94 1670 169 1697 ainsi
185 1671 254 1705 qu'il
268 1671 327 1697 suit
342 1671 414 1698 dans
427 1672 452 1698 la
469 1672 544 1698 table
559 1672 607 1705 qui
625 1671 717 1705 figure
733 1680 768 1698 en
785 1672 842 1698 tete
857 1672 894 1698 du
913 1673 1072 1698 manuscrit

93 1719 130 1745 de
146 1719 237 1746 Paris.

550 1804 577 1830 6.

130 1892 351 1918 lustramentum
366 1900 450 1925 super
462 1893 611 1919 ‹Ionacione
621 1900 672 1926 per
686 1894 799 1919 dominu
806 1902 829 1918 m
844 1894 1016 1920 Benedictum
1024 1901 1072 1927 pa-

91 1948 157 1974 pam
172 1941 220 1967 ΧΙΙ
234 1941 344 1973 collegio
359 1942 550 1967 cardinalium
571 1942 602 1967 de
625 1942 768 1968 medietate
789 1944 916 1968 omnium
937 1951 1070 1968 censuum

92 1992 116 2015 et
132 1989 293 2015 reddituum
308 1990 344 2015 ad
359 1991 499 2016 ecclesiam
515 1991 666 2017 Romanam
681 1992 896 2024 pertinencium.

128 2064 209 2091 Cette
225 2066 320 2099 picce,
337 2065 375 2092 du
391 2066 423 2092 ⁴24
440 2066 592 2092 decembre
612 2066 695 2097 1334,
718 2067 810 2101 figure
825 2066 897 2092 dans
921 2067 945 2092 le
962 2067 1070 2093 recueil

93 2113 130 2140 du
154 2114 281 2140 cardinal
305 2113 464 2149 d'Aragon.
493 2114 573 2146 Voir,
602 2124 651 2149 par
673 2115 820 2150 exemple‚
845 2116 967 2142 ottobon.
989 2115 1067 2149 3078,

93 2161 116 2187 fo
130 2161 174 2188 94.
218 2183 222 2185 .

556 2258 577 2272 l.

129 2334 229 2359 Littera
244 2333 353 2360 domini
368 2334 507 2366 Bonisacii
524 2342 592 2367 pape
612 2335 643 2360 de
664 2335 870 2362 condicionibus
891 2336 1020 2369 apposm's
1038 2336 1068 2360 in

1187 1628 1354 1650 concessione
1374 1626 1452 1658 requi
1472 1626 1602 1651 Sardinia
1620 1628 1644 1651 ei
1665 1626 1769 1652 Corsice
1790 1626 1866 1658 sacia
1887 1627 1994 1652 illustri
2011 1629 2069 1660 reyi
2084 1630 2158 1654 Ara-

1185 1682 1299 1706 yonum.

1224 1735 1244 1762 ll
1262 1736 1347 1770 s'agit
1363 1736 1659 1762 vraisemblablemeut
1674 1736 1709 1762 de
1721 1737 1744 1762 la
1760 1736 1838 1770 piece
1854 1736 1992 1770 Pontiam,
2009 1737 2106 1769 24:301,
2119 1737 2156 1763 du

1187 1784 1202 1811 4
1232 1785 1302 1811 avril
1335 1784 1412 1815 1297,
1445 1786 1593 1819 peut-etre
1626 1786 1785 1819 comple'tc‘e
1815 1794 1865 1819 par
1895 1786 1918 1810 le
1948 1792 1978 1811 [ιο
2003 1785 2089 1812 ’24502
2120 1786 2156 1811 du

1188 1834 1203 1860 5
1219 1835 1288 1860 avril
1308 1834 1342 1860 de
1363 1834 1388 1859 la
1411 1835 1503 1860 meme
1523 1836 1624 1860 annee.
1643 1833 1678 1859 V.
1703 1834 1728 1860 le
1750 1833 1873 1860 Bullaire
1897 1834 2004 1860 romain
2027 1838 2055 1860 et
2078 1834 2158 1869 Ray-

1189 1884 1273 1913 naldi,
1289 1885 1374 1917 Anii„
1396 1884 1472 1917 1297,
1488 1884 1565 1909 2-17.

1645 1952 1670 1978 8.

1225 2029 1324 2054 Littera
1340 2028 1371 2053 (Ie
1383 2029 1549 2053 concessione
1570 2028 1648 2059 reyni
1663 2027 1756 2053 Sicilie
1771 2028 1847 2059 sacia
1863 2028 1972 2052 illustri
1988 2028 2048 2058 reyi
2063 2027 2159 2053 Carolo

1187 2080 1211 2103 et
1225 2077 1257 2102 de
1269 2077 1475 2102 condicionibus
1493 2076 1532 2101 ibi
1542 2083 1593 2109 pet·
1607 2076 1751 2101 dominum
1768 2083 1868 2109 papam
1884 2077 2026 2107 appositis.

1222 2138 1303 2164 Cette
1319 2138 1473 2164 indication
1497 2146 1531 2163 ne
1552 2142 1661 2171 permet
1677 2138 1765 2171 guere
1782 2136 1818 2162 de
1834 2145 1864 2162 sc
1885 2136 2060 2162 determinet·
2077 2140 2158 2162 entre

1187 2188 1229 2213 les
1259 2187 1333 2213 deux
1365 2187 1461 2221 pleces
1492 2186 1625 2212 relatives
1649 2187 1665 2211 ἐι
1694 2186 1813 2211 Cbarles
1841 2185 1967 2218 d'Anjou
1996 2184 2156 2217 (Potthast,

1191 2236 1294 2269 19434).
1307 2236 1344 2262 du
1358 2236 1371 2262 4
1387 2235 1540 2261 novembre
1556 2235 1632 2268 1265,
1644 2240 1671 2260 et
1681 2237 1695 2260 a
1708 2234 1826 2260 Chai-les
1839 2233 1865 2259 11
1878 2233 2031 2266 (Pottliast‚
2048 2233 2157 2266 vitm),

1185 2285 1223 2311 du
1242 2285 1347 2319 19juin
1367 2284 1443 2311 1289.
1460 2283 1482 2310 Il
1499 2288 1543 2309 est
1561 2283 1712 2318 probable,
1729 2283 1881 2313 toutefois.
1899 2283 1966 2316 qu'il
1982 2282 2067 2316 s'agit
2082 2282 2116 2308 de
2133 2282 2158 2307 la

1187 2335 1325 2368 premiere
1333 2334 1355 2360 ².

766 2479 802 2511 3⁰
830 2476 946 2511 Dan-s·
975 2475 1008 2510 le
1034 2474 1324 2510 Ricccirdianus
1352 2474 1448 2508 999.

551 2609 576 2636 9.

129 2706 282 2735 Clemens¹
299 2710 458 2745 episcopus
478 2719 581 2738 servus
604 2721 754 2740 servorum
777 2713 845 2745 Dei,
868 2714 981 2740 dilectis
1001 2714 1067 2740 filiis

96 2862 118 2888 1.
135 2861 284 2897 Avignon,
303 2863 445 2898 3janvie1·
462 2865 540 2893 1346.
556 2882 589 2886 —
606 2867 644 2893 Le
663 2877 733 2903 pape
749 2868 879 2895 Cle'ment
895 2868 934 2894 VI
947 2868 1068 2895 accorde

58 2911 73 2936 a
98 2909 227 2945 l’abbaye
249 2911 284 2937 de
304 2911 589 2949 Sainte-Werburge
609 2916 644 2942 de
667 2916 788 2943 Chester
810 2918 975 2952 exemption
992 2917 1026 2943 de
1043 2917 1068 2943 la

1183 2608 1278 2634 abbati
1297 2612 1325 2634 et
1341 2608 1496 2634 conventui
1514 2607 1680 2633 monasterii
1696 2612 1796 2633 sancte
1814 2605 1980 2640 Werburge
1997 2606 2031 2631 de
2047 2605 2157 2631 Cestria

1188 2723 1210 2748 l.
1227 2722 1282 2748 Ces
1298 2723 1369 2748 trois
1385 2723 1534 2748 dernieres
1548 2722 1771 2756 souscripfions,
1785 2721 1918 2747 relatives
1933 2722 1948 2746 a
1964 2720 2159 2754 l'enregistre-

1150 2775 1242 2804 ment,
1268 2775 1335 2797 sont
1361 2771 1526 2805 originales.
1555 2785 1588 2791 -
1615 2771 1654 2797 Le
1679 2771 1876 2804 camel-lingue
1906 2770 1942 2796 ici
1975 2771 2089 2795 nomme
2113 2773 2158 2794 est

1150 2819 1274 2846 Raffaele
1295 2819 1402 2852 Rinrio,
1420 2820 1600 2854 petit—neven
1617 2819 1651 2845 de
1668 2818 1749 2845 Sixte
1769 2818 1816 2849 IV,
1833 2819 1882 2852 qui
1899 2825 2055 2850 conserva,
2074 2817 2156 2843 sinon

1149 2868 1193 2894 les
1209 2868 1366 2899 fonctions,
1383 2876 1418 2894 au
1436 2869 1530 2894 moins
1547 2869 1570 2893 le
1587 2868 1653 2893 titre
1669 2867 1703 2893 de
1721 2875 1773 2893 son
1791 2866 1906 2901 emploi,
1921 2866 2059 2900 J'usqu'en
2080 2865 2156 2891 1520.

1185 2916 1210 2942 ⁶2.
1229 2916 1324 2948 Quam
1337 2918 1352 2941 a
1368 2915 1486 2942 Chai-les
1505 2915 1547 2942 111
1568 2916 1671 2949 (1331),
1695 2923 1728 2941 ce
1749 2915 1823 2941 n‘est
1845 2922 1895 2948 pas
1911 2914 1982 2939 dans
2007 2914 2049 2939 les
2071 2913 2159 2939 livi-es

55 2959 224 2992 juridiction
241 2961 405 2996 episcopale
421 2968 449 2988 et
471 2964 715 2998 metropolitaine,
736 2974 771 2992 en
787 2966 927 3000 stipulant
943 2975 978 2992 un
999 2974 1068 2992 cens

58 3006 93 3033 de
108 3007 156 3033 dix
172 3016 268 3035 mares
283 3010 406 3044 sterling
421 3015 487 3037 tous
502 3012 544 3038 les
559 3013 634 3040 deux
650 3022 712 3040 ans.
730 3013 772 3041 Cf.
790 3019 810 3042 t.
828 3015 852 3049 1,
871 3024 895 3050 p.
911 3015 962 3042 ‘225
977 3023 1004 3041 α.

201 3068 287 3096 Lmen
305 3070 449 3099 Csnsucu.
470 3087 504 3092 —
523 3073 560 3100 lt.

1150 2965 1268 2991 officiels
1291 2964 1343 2990 des
1366 2972 1454 2999 papes
1471 2964 1636 2998 d’Avignon
1651 2972 1708 2998 que
1731 2964 1786 2990 l'on
1804 2967 1872 2997 peut
1888 2961 2042 2988 s'attendre
2058 2963 2073 2987 a
2090 2969 2155 2987 ren-

1150 3018 1265 3040 contrer
1285 3021 1336 3040 son
1354 3014 1452 3039 decret
1471 3013 1688 3044 d'investiture,
1711 3014 1812 3038 emane
1829 3011 1966 3038 d'Urbain
1987 3009 2036 3036 Vl.
