2402 3592
229 369 270 400 32

277 434 443 474 proprium
464 433 598 472 patiatur
620 431 744 460 habere.
764 430 796 460 Si
819 430 891 459 talia
911 439 961 459 rex
981 435 1093 459 unctus
1111 429 1230 465 debuit,

273 488 300 517 si
314 487 371 516 hec
382 485 580 524 imperatorie
592 488 773 521 competunt
785 484 950 521 majestati.
962 483 1056 520 judex
1070 482 1230 512 districtus

277 540 448 574 examinet,
466 543 495 567 et
513 537 649 566 vindicet
667 536 824 565 Dominus
841 535 1010 565 ultionum.
1028 536 1115 571 Quod
1135 536 1161 565 si
1180 544 1228 564 sa-

273 592 350 623 lutis
368 591 514 630 prodigus
531 589 719 618 senteutiam
742 589 911 626 superioris
931 588 1050 621 eludat,
1072 588 1173 617 videat
1191 596 1230 616 nc

277 645 413 675 defendi
431 644 610 681 cognitione
623 642 818 676 succumbat,
830 642 883 680 qui
901 641 1011 670 limam
1026 641 1230 678 correptionis

279 699 414 732 evitans,
432 701 538 726 contra
553 695 728 733 juramenti
744 695 884 723 debitum
903 698 943 723 tot
961 694 1115 732 perversis
1130 693 1230 721 modis

278 755 309 780 et
324 750 460 779 motibus
473 748 639 786 deliuquid
655 748 687 777 in
703 748 845 777 seudum.

315 803 364 832 5313.
390 820 427 824 —
451 802 708 831 Beneventanam
732 801 841 839 utique
859 801 1016 829 civitatem
1039 810 1101 830 nou
1124 801 1230 828 minus

273 857 336 886 fide
354 865 448 894 quam
465 855 619 892 dignitate
638 854 809 892 preclaram
825 877 830 889 ,
848 863 942 892 quam
967 858 1033 892 post
1051 854 1112 882 alta
1132 853 1229 883 Urbis

273 914 304 940 et
320 908 521 938 ammiranda
538 907 675 945 fastigia,
693 907 814 936 cunctis
830 906 1036 936 illustriorem
1055 906 1184 935 urbibus
1202 911 1231 935 et

270 962 376 1001 prima
387 970 515 990 suorum
533 961 675 989 menium
691 960 897 989 fundamenta
911 964 940 988 et
955 959 1118 997 privilegia
1135 959 1229 988 liber-

273 1015 347 1045 tatis
365 1014 496 1052 antique
511 1014 598 1043 omni
618 1014 796 1051 exceptione
814 1013 934 1051 majora
953 1016 1116 1048 testautnr,
1136 1012 1230 1041 devo-

274 1069 358 1098 tione
389 1068 579 1106 precipuam,
612 1068 786 1096 constantia
817 1066 1031 1103 singularem,
1059 1065 1230 1094 amenitate

272 1122 491 1159 conspicuam,
514 1120 605 1148 rebus
626 1123 654 1148 et
678 1119 848 1147 virtutibus
864 1118 1062 1156 opulentam,
1083 1127 1178 1156 quam
1196 1118 1228 1147 in

272 1175 363 1211 regni
388 1178 496 1202 centro
521 1172 610 1201 sedes
634 1171 802 1210 apostolica
828 1180 883 1200 suo
901 1171 1021 1209 judicio
1044 1171 1076 1199 in
1101 1171 1228 1208 signum

273 1227 409 1256 dominii
428 1226 613 1258 reservavit,
632 1225 695 1253 illis
715 1224 828 1262 prvmit
846 1229 875 1252 et
894 1228 1039 1261 angustat
1059 1223 1228 1255 doloribusv

275 1285 308 1309 ut
328 1279 481 1308 adhibitis
504 1279 535 1307 in
560 1278 714 1307 vestibulo
737 1282 823 1315 porte
845 1277 1025 1306 custodibus
1047 1277 1166 1305 intrare
1182 1277 1230 1305 vel

272 1333 359 1363 exire
391 1332 530 1361 volentes
561 1340 642 1359 nova
673 1330 793 1358 solvere
825 1330 954 1368 pedagia
984 1330 1229 1367 compellantur,

275 1389 374 1414 terras
396 1385 537 1414 excolere
565 1384 624 1413 nisi
652 1384 722 1412 data
752 1383 975 1420 redemptionis
1001 1383 1134 1421 pecunia
1167 1392 1229 1411 non

275 1438 440 1477 permissi,
463 1438 580 1466 eisdem
608 1438 638 1465 in
664 1437 751 1473 regni
775 1435 892 1464 linibus
913 1436 1111 1464 cournwrciis
1131 1436 1229 1464 inter-

281 1492 393 1525 dictis;
418 1500 474 1520 uec
500 1491 537 1519 ad
561 1490 670 1518 matris
692 1490 764 1517 licet
787 1497 948 1518 recurrere
970 1490 1140 1525 gremium,
1168 1489 1231 1518 nisi

284 1545 360 1583 qnia
385 1553 500 1573 manus
518 1542 757 1580 insequentium
781 1546 958 1570 evaserunt.
980 1542 1047 1570 Tali
1068 1542 1231 1572 obsidione

280 1597 437 1628 conclusis
459 1596 518 1625 hoc
541 1595 644 1625 solum
661 1595 769 1624 adesse
786 1594 946 1623 videretur
961 1594 1118 1624 auxilium
1143 1600 1176 1625 ut
1198 1596 1230 1624 in

275 1658 394 1680 manus
417 1648 660 1678 devolverentur
677 1646 820 1683 hostiles,
844 1647 909 1675 nisi
930 1652 1083 1685 prestaret
1104 1648 1232 1686 probata

276 1703 356 1732 fides
370 1701 578 1736 obstaculum,
597 1709 657 1739 que
671 1699 828 1730 molestias
844 1699 970 1729 alleviat
984 1701 1177 1738 passionum.
1196 1702 1233 1731 Et

274 1757 380 1788 adhuc
393 1765 506 1785 manus
518 1755 668 1784 sevientis
683 1758 818 1784 extenta.
832 1754 979 1791 Regnum
992 1764 1129 1792 querens
1142 1760 1170 1785 et
1184 1766 1230 1785 sa-

276 1811 450 1841 cerdotium
465 1809 644 1845 vendicare,
660 1808 842 1837 vacantibus
856 1807 957 1846 ipsius
973 1808 1074 1845 Regni
1090 1809 1232 1839 ecclesiis

271 1870 430 1904 pastorum
446 1872 508 1892 non
521 1863 636 1901 patitur
649 1861 785 1900 presidio
796 1861 970 1895 subveniri,
991 1867 1032 1891 tot
1048 1863 1231 1893 animarum

272 1918 392 1948 occisor
408 1920 484 1955 quot
499 1924 554 1954 per
574 1920 733 1953 pastorum
751 1915 929 1944 absentiam
947 1919 1111 1945 transeunt
1127 1917 1232 1946 incor-

273 1976 378 2009 repte3
402 1970 542 2008 ipsarum
564 1969 647 1998 bona
669 1968 855 2006 pauperibus
872 1973 901 1996 et
917 1968 1036 1997 Christi
1053 1969 1233 2007 deputanda

277 2022 455 2058 ministris,
490 2023 522 2051 in
557 2031 631 2051 usus
665 2026 852 2051 convertens
883 2020 1012 2051 illicitos
1046 2023 1233 2053 temerarius

272 2076 477 2114 dispensator.

317 2130 364 2159 37.
384 2145 422 2150 -
441 2128 541 2157 Habet
565 2131 706 2166 preterea
728 2130 828 2156 mater
850 2126 986 2157 Ecclesia
1011 2128 1094 2166 quod
1113 2129 1147 2158 in
1167 2129 1233 2159 filio

275 2182 391 2218 doleat,
410 2181 493 2220 quod
510 2181 622 2210 desseat
636 2180 670 2209 in
687 2180 762 2209 fidei
781 2180 960 2215 defensore,
978 2181 1055 2210 dum
1072 2181 1156 2220 ipse,
1177 2183 1232 2221 qui

276 2235 460 2265 recedentes
478 2234 517 2263 ab
537 2234 634 2263 ubere
655 2233 782 2263 deberet
798 2242 899 2262 manu
916 2238 1059 2272 suscepte
1074 2234 1231 2265 sollicitu-

274 2288 362 2317 dinis
375 2288 414 2316 ad
431 2287 541 2316 matris
554 2286 714 2323 gremium
731 2294 894 2323 revocare,
911 2286 1043 2325 repellat
1059 2296 1169 2317 aversa
1185 2288 1230 2318 fa-

275 2341 324 2371 cie
340 2341 516 2370 venientes.
535 2340 616 2369 Nam
635 2348 736 2378 nuper
751 2338 837 2376 regis
852 2339 966 2368 Tunisi
982 2339 1112 2369 fratrem
1127 2341 1167 2370 ad
1182 2350 1232 2370 se—

277 2394 348 2423 dem
360 2393 562 2432 apostolicam
576 2392 776 2421 accedentem
789 2396 1023 2421 sacramentum
1034 2392 1232 2432 baptismatis

275 2452 479 2485 recepturum
500 2445 682 2474 detentione
701 2445 768 2483 J‘am
790 2444 885 2482 longa
908 2445 1084 2483 prohibuit,
1107 2447 1140 2475 iu
1162 2451 1232 2477 voto

276 2505 462 2540 persecutus
479 2498 611 2528 alterius
626 2498 710 2537 qnod
726 2499 760 2528 in
777 2507 833 2529 suo
856 2498 956 2528 factus
975 2504 1113 2538 apostata
1129 2500 1231 2530 detes-

277 2558 373 2589 tatur,
395 2552 570 2582 honerosus
587 2556 738 2590 patronus
755 2552 925 2581 crescentis
942 2552 1078 2582 Ecclesie
1094 2557 1231 2583 structu-

275 2615 344 2636 ram
369 2606 506 2644 iupedit,
524 2605 600 2634 dum
626 2608 714 2634 curat
738 2609 877 2635 evertere
896 2605 1153 2636 fundamentum.
1170 2607 1231 2636 Ve-

277 2658 453 2689 nerabilem
472 2663 591 2696 patrem
618 2658 843 2687 Penestrinum
868 2658 1066 2697 episcopum,
1083 2668 1178 2698 quem
1194 2659 1229 2689 in

274 2711 482 2741 Provinciam
501 2720 556 2749 pro
574 2719 647 2748 pace
671 2711 767 2748 patrie
786 2711 874 2740 sedes
891 2710 1061 2749 apostolica
1082 2712 1230 2742 decreve-

276 2768 326 2793 rat
340 2763 579 2799 destinandum,
591 2763 741 2800 gravibus
753 2763 928 2801 interjectis
943 2765 1113 2794 obstaculis
1129 2765 1229 2803 impe-

272 2816 355 2847 divit
372 2816 508 2846 verenda
524 2816 562 2845 de
583 2816 725 2855 principe
742 2816 910 2845 manifesta
928 2818 1078 2856 suspitio,
1097 2823 1131 2847 ut
1147 2819 1230 2848 inter

272 2869 384 2900 fideles
400 2869 538 2898 Ecclesie
554 2877 632 2906 quos
647 2868 748 2907 ipsius
764 2869 901 2898 dominii
916 2868 1009 2899 limes
1029 2879 1092 2900 non
1106 2871 1230 2909 colligit

279 2924 365 2963 pacis
377 2931 439 2952 non
452 2922 590 2961 patiatur
603 2931 775 2958 accessum,
786 2923 840 2961 qui
851 2922 970 2952 Christi
985 2923 1128 2953 hostibus
1142 2925 1230 2962 quie-

276 2977 318 3006 tis
335 2981 475 3014 tempora
491 2974 603 3012 iniqua
617 2975 870 3005 consideratione
886 2980 1043 3014 procurat.
1059 2976 1228 3007 Civitatem

273 3029 430 3060 Soranam
452 3032 561 3058 contra
584 3029 668 3068 pacis
693 3029 827 3058 formam
848 3033 950 3067 spreta
962 3030 1138 3069 juramenti
1155 3030 1229 3060 reli-

774 366 822 394 LE
846 365 988 394 LIBER
1012 364 1243 394 CENSUUM
1267 363 1320 392 DE
1347 354 1529 392 L'EGLISE
1551 362 1761 392 ROMAINE.

1351 428 1446 465 gioue
1461 428 1646 463 combussit,
1665 436 1722 457 nec
1737 427 1891 466 permittit
1906 427 2055 457 ecclesias
2080 427 2218 465 reparari
2234 437 2306 457 cru-

1351 480 1412 509 deli
1428 481 1585 509 sententia
1600 489 1673 509 cum
1696 480 1879 518 corporibus
1902 484 2084 509 sanctorum
2108 485 2243 510 exustas.
2264 480 2308 510 Ut

1351 538 1456 562 autem
1475 533 1587 571 majori
1606 542 1685 571 pene
1706 542 1738 562 se
1759 532 1869 562 reddat
1888 532 2077 565 obnoxium,
2100 541 2161 571 quo
2181 532 2308 571 culpam

1352 586 1385 614 in
1411 586 1564 615 terminos
1586 585 1723 615 laxiores
1744 585 1906 621 immittit,
1930 585 1969 614 ad
1995 584 2133 614 Ecclesie
2160 590 2257 614 terras
2279 589 2309 614 et

1352 638 1555 667 ecclesiarum
1572 638 1654 667 bona
1672 637 1842 675 sacrilegas
1860 647 1972 667 manus
1989 638 2176 673 extendens,
2196 638 2309 667 Ferra-

1351 691 1449 727 riam,
1484 691 1699 728 Pigonagam,
1734 691 1921 720 Bondenum
1934 715 1940 727 ,
1976 691 2112 721 Massam
2150 690 2309 720 Lunensis

1351 744 1487 774 diocesis
1503 748 1532 773 et
1550 749 1663 773 terram
1681 744 1829 773 Sardinie
1847 749 1956 774 contra
1976 745 2194 781 juramentum
2216 752 2310 782 super

1352 797 1415 826 hiis
1435 797 1662 826 conservandis
1678 797 1856 835 specialiter
1873 798 2037 835 prestitum
2054 798 2228 836 occupavit.

1393 850 1439 879 38.
1458 865 1495 872 -—
1515 850 1551 879 Et
1569 849 1641 879 licet
1659 850 1743 879 idem
1762 850 1893 879 nuntios
1906 850 2058 889 quosdam
2075 850 2169 879 verba
2185 854 2311 888 portan-

1353 907 1397 932 tes
1422 904 1454 931 in
1480 902 1551 932 dolo
1573 903 1611 932 ad
1634 903 1741 932 sedem
1761 903 1964 941 apostolicam
1988 903 2171 939 destinarit,
2193 908 2229 932 ut
2252 903 2311 932 sub

1352 956 1565 985 excusationis
1582 956 1751 992 velamine,
1771 957 1907 986 termino
1932 956 2036 986 latiori
2055 957 2218 995 subrepto,
2240 964 2309 995 pro-

1351 1009 1484 1038 fundius
1510 1008 1635 1038 aculeos
1658 1009 1789 1038 latentes
1808 1010 1970 1047 infigeret,
1995 1010 2070 1039 dum
2092 1015 2181 1039 caute
2201 1009 2311 1039 innuit

1353 1063 1390 1091 de
1418 1062 1616 1100 correptione
1640 1062 1813 1098 cautelam;
1840 1063 1958 1091 veritus
1982 1066 2085 1092 tamen
2113 1062 2283 1100 providens
2299 1063 2309 1083 ¹

1352 1120 1450 1153 pater,
1479 1125 1517 1144 ue
1541 1115 1671 1144 interim
1698 1115 1877 1153 incorrepta
1905 1115 2047 1153 nequitia
2074 1115 2173 1154 (quod
2194 1115 2311 1145 inditia

1353 1169 1522 1197 manifesta
1544 1168 1775 1206 monstrabant)
1797 1168 1829 1197 in
1854 1168 2001 1205 graviora
2024 1169 2181 1207 prioribus
2202 1177 2311 1198 erum-

1353 1226 1439 1260 peret
1457 1226 1658 1257 nocumeuta,
1679 1222 1711 1250 in
1731 1222 1799 1260 ejus
1822 1221 1927 1251 ulcera
1949 1231 2010 1260 que
2028 1222 2240 1251 monitionum
2264 1222 2311 1252 fo-

1353 1278 1460 1304 menta
1493 1284 1554 1304 non
1586 1281 1752 1304 senserant
1785 1275 1963 1304 remedium
1998 1275 2074 1304 ferri
2111 1275 2311 1305 medicinalis

1352 1329 1517 1367 apposuit,
1541 1329 1677 1357 eundem
1704 1328 1883 1357 membrum
1912 1328 2050 1358 Ecclesie
2069 1328 2231 1366 putridum
2257 1337 2311 1367 per

1353 1381 1694 1410 excommunicationis
1719 1382 1909 1410 sententiam
1937 1391 1954 1410 a
1977 1381 2118 1410 fidelium
2134 1377 2146 1394 ²
2168 1389 2312 1411 commu-

1354 1435 1451 1463 nione
1469 1434 1631 1472 precidens
1644 1459 1651 1472 ,
1674 1434 1827 1463 absolutis
1847 1435 1893 1463 eis
1910 1434 1963 1472 qui
1983 1434 2041 1463 sibi
2062 1433 2239 1472 juramenti
2263 1433 2311 1464 vel

1359 1487 1523 1517 fidelitatis
1539 1488 1643 1517 debito
1661 1487 1861 1522 tenebantur,
1875 1487 1943 1517 loca
1958 1488 2052 1517 etiam
2070 1488 2107 1516 ad
2124 1497 2185 1526 que
2202 1496 2311 1525 perve-

1356 1541 1441 1570 nerit
1462 1549 1642 1579 supponens
1661 1540 1873 1570 ecclesiastico
1891 1540 2068 1570 interdicto.

1394 1594 1441 1624 39.
1460 1610 1498 1616 —-
1514 1595 1603 1623 Tunc
1619 1593 1716 1623 Cesar
1735 1594 1801 1632 ipse
1818 1603 1907 1623 cesus
1927 1594 2103 1624 lenioribus
2119 1595 2198 1624 citra
2214 1594 2312 1623 meri-

1356 1652 1422 1677 tum
1439 1647 1668 1686 delinquentis,
1688 1655 1748 1676 nou
1768 1647 1827 1676 sub
1843 1647 1963 1677 Christi
1980 1647 2167 1677 humiliatus
2181 1648 2310 1684 vicario,

1354 1701 1407 1730 sed
1427 1710 1521 1738 super
1536 1708 1631 1729 omne
1656 1700 1687 1728 id
1707 1701 1791 1738 quod
1812 1700 1929 1729 dicitur
1950 1700 2033 1730 Deus
2048 1704 2103 1729 aut
2118 1699 2231 1730 colitur
2247 1700 2312 1730 ele-

1354 1759 1456 1790 vatus,
1478 1753 1686 1792 correptionis
1714 1753 1822 1782 divine
1844 1753 1999 1782 medelam
2027 1753 2061 1782 in
2088 1762 2143 1783 sue
2171 1753 2313 1792 nequitie

1354 1808 1570 1837 recordatione
1588 1816 1648 1836 non
1666 1807 1825 1842 sentiens,
1845 1806 1944 1836 elatus
1961 1816 1996 1836 ex
2022 1807 2150 1836 verbere
2167 1807 2312 1836 Frederi-

1354 1870 1410 1891 cns
1426 1861 1575 1890 frendens
1597 1866 1626 1889 et
1647 1860 1785 1889 fremens
1803 1860 1948 1889 absorbet
1968 1860 2064 1896 iram,
2088 1869 2145 1889 nec
2161 1860 2221 1889 late
2240 1869 2313 1889 sen-

1357 1915 1454 1944 tentie
1472 1918 1593 1952 reputat
1609 1922 1720 1942 sonare
1737 1913 1935 1950 clangorem,
1954 1913 2054 1942 sactus
2069 1917 2204 1942 cerastes
2220 1913 2252 1941 iu
2267 1921 2312 1942 se-

1355 1969 1431 1997 mita
1449 1967 1603 2006 ungulam
1625 1967 1699 2005 equi
1716 1966 1865 1996 dentibus
1886 1966 2090 1996 detractionis
2109 1966 2311 2003 aggreditur,

1356 2025 1388 2051 ut
1408 2022 1524 2050 [amam
1538 2021 1659 2059 ,deiciat
1683 2021 1858 2050 ascensoris
1875 2019 1983 2058 palliat
2000 2019 2141 2057 culpam,
2168 2018 2314 2058 proponit

1355 2074 1592 2112 calumpniam,
1609 2073 1827 2103 innocentiam
1843 2073 1901 2102 sub
1918 2073 2088 2102 verborum
2106 2072 2210 2102 colore
2227 2081 2315 2102 inen-

1357 2127 1444 2157 titur.
1461 2127 1604 2163 Quadam
1622 2126 1700 2156 falsa
1716 2126 1894 2156 litterarum
1910 2126 2057 2163 congerie
2073 2134 2127 2164 per
2149 2125 2268 2155 Urbem
2284 2128 2314 2154 et

1355 2181 1442 2211 orbis
1459 2180 1625 2216 terminos,
1644 2181 1754 2209 matris
1773 2179 1958 2218 pudicitiam
1979 2178 2096 2208 lacerat
2118 2178 2203 2207 filius
2218 2178 2313 2207 abor-

1356 2235 1453 2270 tivus,
1466 2242 1620 2271 occupare
1636 2233 1866 2272 patrimonium
1881 2235 2009 2271 temptat
2021 2231 2104 2270 quod
2121 2235 2245 2261 tenetur
2257 2230 2314 2260 de-

1354 2287 1484 2316 tendere
1497 2287 1692 2325 juramento,
1708 2294 1825 2315 aurum
1842 2285 1946 2321 solvit,
1966 2284 2116 2323 appendit
2130 2288 2311 2321 argentum,

1356 2340 1502 2369 nationes
1524 2339 1638 2369 invitat
1657 2343 1690 2368 ut
1707 2342 1827 2377 petram
1845 2341 1964 2367 evertat
1978 2337 2118 2367 Ecclesie
2135 2345 2232 2375 quam
2249 2337 2314 2366 Do-

1357 2393 1585 2431 minusposuit
1601 2392 1675 2421 fidei
1690 2392 1950 2422 fundamentum.
1964 2389 2102 2420 Ecclesie
2117 2389 2221 2420 claves
2233 2398 2314 2428 quas

1354 2445 1500 2476 Christus
1518 2445 1758 2475 successoribus
1777 2445 1810 2474 in
1836 2445 1928 2474 Petro
1945 2443 2114 2480 concessit,
2137 2442 2181 2472 sic
2195 2441 2251 2472 ille
2267 2446 2312 2472 te-

1353 2499 1512 2528 merarius
1542 2498 1725 2528 Fredericus
1748 2497 1898 2535 infringit
1923 2500 1958 2526 ut
1983 2495 2314 2526 excommunicatione

1354 2557 1535 2590 contempta
1560 2551 1811 2581 sacratissimum
1835 2550 1956 2580 Christi
1983 2557 2113 2587 corpus,
2142 2548 2225 2587 quod
2255 2557 2313 2578 nec

1355 2614 1432 2635 sano
1453 2605 1577 2635 devotio
1598 2613 1656 2634 nec
1676 2612 1751 2642 egro
1781 2603 1952 2633 necessitas
1976 2602 2141 2638 suadebat,
2165 2609 2252 2631 nunc
2274 2600 2313 2630 de

1352 2667 1483 2697 corpore
1506 2658 1647 2696 precisus
1669 2656 1808 2687 Ecclesie
1829 2660 1970 2685 assumat
1991 2654 2181 2692 sacrilegus,
2208 2659 2239 2684 et
2262 2653 2314 2683 di-

1353 2712 1428 2741 vina
1451 2711 1612 2744 misteria,
1636 2718 1698 2749 que
1722 2710 1810 2748 prius
1831 2710 1893 2739 ne³
1914 2716 2022 2738 vocem
2042 2707 2238 2737 incantantis
2254 2716 2312 2737 au-

1355 2764 1439 2797 diret
1461 2763 1621 2794 conclusis
1641 2763 1774 2793 auribus
1796 2762 1948 2801 fugiebat,
1969 2760 2145 2800 prohibitus
2168 2760 2314 2799 [requen-

1349 2937 1374 2965 1.
1392 2937 1452 2964 Cori.
1470 2936 1586 2963 Vei-itur
1603 2941 1695 2962 tamen
1713 2934 1900 2969 providentie.

1345 2986 1372 3013 2.
1390 2986 1451 3013 Cod.
1469 2985 1544 3012 fideli
1562 2993 1673 3011 vocum.

1348 3035 1373 3061 3.
1392 3035 1455 3062 Cod.
1474 3043 1536 3061 nec.
