2465 3582
241 369 281 400 110

786 367 835 396 LE
859 367 1002 395 LIBER
1024 364 1257 395 CENsUUM
1280 364 1334 393 DE
1357 356 1542 393 L⁷EGL1sn
1565 362 1772 393 ROMAINE.

288 437 352 466 dux
374 435 572 466 Normandie
591 438 619 463 et
642 433 823 471 Aquitanie‚
841 441 946 462 comes
962 431 1156 469 Andegavie,
1174 439 1243 460 om-

284 490 382 519 nibus
396 488 513 518 Christi
528 487 675 516 fidelibus
689 490 866 524 presentem
886 485 1035 523 paginam
1052 484 1242 522 inspecturis

285 542 422 572 salutem
443 541 477 570 in
495 540 642 570 Domino.
665 538 869 569 Universitati
889 542 989 567 vestre
1003 547 1057 576 per
1075 537 1157 566 hanc
1173 545 1242 566 car-

290 599 355 624 tam
375 602 471 623 aurea
485 592 572 622 bulla
590 597 694 621 nostra
712 591 868 620 munitam
885 590 1031 620 volumus
1047 599 1114 619 esse
1131 594 1241 618 notum

291 647 375 686 quod
399 655 469 676 cum
491 646 592 675 Deum
613 648 643 673 et
663 648 796 673 matrem
815 635 953 672 nostra'm
976 647 1115 672 sanctam
1135 642 1242 671 Eccle-

287 701 368 730 siam
385 698 611 729 offenderimus
627 697 658 725 in
676 695 787 725 multis
802 700 830 725 et
848 696 978 735 proinde
993 696 1100 724 divina
1116 695 1241 724 miseri-

289 752 397 782 cordia
416 751 589 790 plurimnm
612 750 757 787 indigere
777 758 958 785 noscamur,
983 757 1041 778 nec
1060 749 1135 787 quid
1159 748 1241 786 quod

284 806 399 836 offerre
415 804 571 843 possimus
595 811 649 841 pro
671 802 886 832 satisfactione
908 802 973 831 Deo
988 805 1015 830 et
1032 801 1170 831 Ecclesie
1188 801 1242 830 de-

284 859 352 888 bita
368 857 511 887 facienda
529 856 592 885 nisi
608 864 663 885 nos
678 855 762 893 ipsos
776 855 949 884 habeamus
966 858 994 883 et
1010 863 1106 892 regna
1123 859 1241 891 nostra,

288 911 431 941 volentes
450 918 506 939 nos
523 910 605 948 ipsos
623 908 795 938 humiliare
815 916 869 946 pro
886 907 941 937 illo
957 908 1010 946 qni
1034 917 1066 936 se
1082 916 1137 945 pro
1152 908 1242 937 nobis

287 963 474 994 humiliavit
501 972 600 1000 nsque
629 962 667 991 ad
693 966 839 995 mortem,
858 961 958 998 gratia
975 961 1082 990 Sancti
1106 960 1243 998 Spiritus

292 1018 489 1055 inspirante,
508 1024 571 1045 non
590 1015 619 1044 vi
636 1015 757 1044 inducti
776 1023 832 1043 nec
850 1014 961 1043 timore
977 1014 1091 1049 coacti,
1109 1018 1155 1043 set
1170 1022 1242 1043 nos-

293 1076 341 1100 tra
362 1070 445 1099 bona
468 1074 704 1108 spontaneaque
723 1068 885 1097 voluntate
907 1076 941 1096 ac
960 1067 1087 1096 comuni
1111 1067 1244 1096 consilio

289 1125 447 1153 baronum
468 1127 661 1158 nostrorum,
682 1122 846 1151 offerimus
870 1125 899 1149 et
920 1120 1019 1149 libere
1041 1120 1244 1150 concedimus

286 1177 355 1206 Deo
371 1179 400 1205 et
416 1176 533 1205 sanctis
554 1175 702 1214 apostolis
724 1174 794 1204 eius
817 1174 908 1203 Petro
926 1178 954 1202 et
973 1173 1072 1202 Paulo
1093 1178 1122 1202 et
1137 1177 1244 1203 sancte

291 1230 437 1259 Romane
453 1228 586 1258 ecclesie
608 1228 701 1257 matri
723 1232 825 1256 nostre
841 1236 875 1255 ac
898 1227 1027 1256 domino
1044 1231 1150 1255 nostro
1166 1235 1244 1265 pape

289 1283 480 1312 Innocentio
502 1282 596 1311 tercio
619 1282 747 1319 eiusque
766 1279 930 1309 catholicis
947 1280 1183 1309 successoribus
1201 1285 1243 1309 to-

293 1339 360 1365 tum
377 1344 510 1373 regnum
525 1334 641 1372 Anglie
654 1338 788 1363 ettotnm
800 1334 1018 1362 Yberniecnm
1032 1334 1118 1362 omni
1130 1333 1200 1362 iure
1217 1339 1246 1362 et

293 1388 498 1427 pertinentiis
510 1387 586 1423 suis,
600 1396 652 1425 pro
661 1387 847 1415 remissione
858 1391 1052 1424 peccatorum
1064 1391 1244 1415 nostrorum

294 1446 323 1471 et
342 1441 437 1471 totius
453 1441 580 1478 generis
598 1441 693 1469 nostri
713 1444 771 1468 tam
790 1448 844 1477 pro
860 1440 939 1468 vivis
956 1448 1049 1477 qnam
1067 1439 1243 1476 defunctis3

289 1499 320 1524 et
340 1495 452 1524 amodo
470 1493 524 1522 illa
541 1503 558 1522 a
579 1494 643 1522 Deo
662 1498 690 1521 et
711 1493 749 1521 ab
767 1492 898 1521 ecclesia
922 1493 1065 1522 Romana
1085 1498 1245 1531 tamquam

288 1547 485 1577 feodatarius
502 1546 690 1584 recipientes
708 1550 738 1575 et
754 1550 906 1582 tenentes,
924 1546 957 1574 in
976 1547 1133 1584 presentia
1150 1555 1245 1576 vene-

290 1600 402 1630 rabilis
412 1600 507 1638 patris
516 1599 615 1629 nostri
627 1599 746 1629 domini
758 1598 916 1637 Nicholay
928 1599 1099 1628 Tusculani
1110 1600 1246 1638 episcopi

292 1653 463 1693 apostolice
479 1653 562 1682 sedis
579 1652 673 1690 legati
689 1656 719 1681 et
736 1651 917 1690 Pandulphi
935 1652 1058 1682 domini
1076 1661 1152 1691 pape
1169 1653 1245 1682 sub-

294 1705 838 1742 diaconietfamiliaris,fidelitatem
849 1705 961 1734 exinde
972 1705 1107 1743 predicto
1117 1706 1246 1736 domino

293 1764 402 1790 nostro
421 1769 498 1799 pape
516 1759 705 1789 Innocentio
721 1758 852 1797 eiusque
868 1758 1034 1788 catholicis
1055 1759 1246 1789 successori-

294 1815 356 1844 bus
377 1822 412 1843 ac
436 1813 566 1843 ecclesie
586 1813 730 1842 Romane
754 1811 928 1841 secundum
954 1812 1163 1850 subscriptam
1184 1813 1245 1841 sor-

292 1876 377 1897 mam
396 1867 528 1896 fecimus
545 1869 574 1895 et
586 1865 767 1895 iuravimus
781 1869 809 1894 et
822 1865 1008 1902 homagium
1023 1866 1116 1894 etiam
1132 1865 1244 1903 ligium

288 1929 345 1958 pro
366 1919 514 1958 predictis
534 1919 642 1956 reguis
664 1919 728 1947 Deo
751 1922 780 1947 et
802 1918 919 1947 sanctis
939 1918 1085 1956 apostolis
1106 1919 1197 1948 Petro
1217 1923 1247 1948 et

290 1973 391 2003 Paulo
405 1972 575 2002 etecclesie
590 1972 734 2001 Romane
746 1976 775 2000 et
788 1971 890 2001 eidem
907 1972 1036 2001 domino
1051 1977 1156 2002 nostro
1170 1982 1246 2011 pape

290 2025 482 2056 Innocentio
504 2034 558 2064 per
578 2033 694 2054 manus
718 2024 850 2062 predicti
870 2024 964 2061 legati
989 2030 1018 2054 et
1039 2025 1106 2055 loco
1128 2031 1157 2055 et
1180 2027 1245 2055 vice

289 2079 390 2116 ipsius
403 2078 527 2108 domini
545 2087 621 2116 pape
635 2077 818 2116 recipientis
831 2078 956 2115 publice
969 2078 1114 2114 fecimus,
1126 2088 1245 2109 succes-

288 2142 374 2161 50105
392 2137 422 2161 01
437 2132 571 2161 heredes
584 2136 708 2161 nostros
722 2131 760 2160 de
775 2140 870 2160 uxore
884 2137 989 2161 nostra
1006 2132 1039 2160 iu
1059 2137 1244 2171 perpetuum

288 2186 464 2223 obligantes
491 2190 525 2214 nt
552 2184 652 2214 simili
678 2185 772 2214 modo
798 2193 923 2214 summo
946 2185 1087 2223 pontifici
1112 2187 1166 2224 qui
1191 2195 1245 2224 pro

293 2243 431 2277 tempore
448 2238 542 2267 fuerit
558 2237 732 2267 0100010510
748 2238 892 2267 Romane
911 2238 980 2267 51110
996 2239 1244 2269 contradictione

293 2292 404 2320 debeat
419 2291 602 2320 fidelitatem
617 2295 755 2329 prestare
768 2295 797 2320 et
811 2291 993 2329 homagium
1008 2301 1242 2329 recognoscere.

290 2345 338 2373 Ad
353 2344 509 2373 indicium
523 2349 627 2373 autem
642 2348 747 2373 nostre
761 2349 908 2382 perpetue
919 2344 1122 2382 obligationis
1133 2350 1163 2375 et
1174 2354 1244 2375 con-

288 2398 444 2427 cessionis
464 2397 611 2427 volnmus
629 2402 658 2426 et
673 2397 852 2427 stabilimus
870 2402 902 2426 ut
918 2397 955 2427 de
971 2398 1105 2436 propriis
1126 2402 1154 2428 et
1174 2408 1244 2437 spe-

286 2451 421 2480 cialibus
438 2450 614 2480 redditibus
630 2450 843 2489 predictorum
860 2460 1030 2488 regnorum
1049 2457 1242 2489 nostrorum,

288 2513 344 2542 pro
357 2505 444 2533 omni
457 2505 589 2533 servicio
602 2507 631 2533 et
644 2503 873 2533 consuetudine
886 2504 968 2542 qnod
983 2513 1037 2542 pro
1051 2505 1130 2542 ipsis
1143 2505 1243 2535 facere

288 2558 489 2593 deberemus,
502 2557 589 2587 salvo
606 2566 659 2596 per
669 2557 777 2587 omnia
795 2557 924 2586 denario
940 2557 1020 2586 beati
1033 2557 1129 2594 Petri,
1145 2558 1244 2587 eccle-

291 2612 336 2639 sia
357 2611 500 2640 Romana
517 2610 606 2639 mille
625 2609 769 2639 marchas
785 2609 1005 2639 sterlincorum
1023 2611 1175 2648 percipiat
1190 2620 1244 2640 an-

288 2664 432 2699 nuatim,
455 2663 576 2692 scilicet
597 2664 629 2692 in
654 2663 730 2692 festo
751 2663 849 2692 sancti
867 2662 1036 2692 Michaelis
1051 2664 1244 2701 quingentas

289 2715 437 2745 marchas
451 2722 479 2745 et
498 2716 531 2745 in
545 2716 642 2745 Pasca
653 2716 845 2754 quingentas
858 2715 1016 2750 marchas,
1029 2716 1242 2753 septingentas

289 2768 409 2797 scilicet
426 2777 479 2807 pro
493 2769 719 2806 regqunglie
735 2773 764 2797 et
781 2772 933 2797 trecentas
946 2777 999 2806 pro
1011 2777 1108 2805 regno
1121 2770 1242 2807 Hyber-

291 2822 359 2856 nie,
375 2822 470 2851 salvis
488 2824 577 2853 nobis
591 2828 620 2852 et
634 2822 803 2852 heredibus
819 2823 934 2852 nostris
949 2822 1096 2858 justiciis,
1111 2822 1240 2852 liberta-

248 2986 396 3012 recomtatt
415 2986 456 3012 les
476 2988 548 3014 tenir
570 2988 604 3014 de
627 2988 665 3014 tui
682 2991 854 3022 moyennant
871 2995 907 3013 un
924 2995 992 3013 cens
1008 2987 1042 3013 de
1059 2987 1134 3013 mitte
1148 2995 1241 3014 mares

243 3035 375 3068 sterling,
392 3039 419 3061 et
435 3035 473 3062 lui
488 3036 566 3070 prete
581 3040 708 3063 serment
723 3036 757 3062 de
772 3036 887 3063 fidente.

1365 429 1449 459 tibus
1465 433 1494 458 et
1511 429 1670 467 regalibus
1685 429 1810 458 nostris.
1830 429 1898 464 Que
1914 428 2022 458 omnia
2033 429 2114 458 sicut
2126 437 2220 466 supra
2235 428 2317 458 dicta

1363 486 1438 510 sunt
1449 485 1515 510 rata
1531 490 1598 511 esse
1610 481 1751 511 volentes
1764 484 1914 520 perpetuo
1926 485 2019 519 atque
2029 481 2130 516 firma,
2139 480 2318 519 obligamus

1363 542 1422 563 nos
1440 539 1470 563 et
1483 542 1679 564 successores
1695 538 1817 563 nostros
1828 537 1936 564 contra
1948 542 2011 563 non
2028 533 2156 570 venire3
2173 538 2204 563 et
2217 534 2243 563 si
2259 541 2316 564 nos

1362 587 1410 616 vel
1438 587 1552 625 aliquis
1583 595 1799 617 successorum
1830 590 2012 616 nostrorum
2041 586 2100 616 hoc
2132 590 2318 624 attemptare

1362 640 1607 678 presumpserit,
1629 640 1824 678 quicumque
1840 640 1935 669 suerit
1956 639 2025 675 ille,
2051 639 2114 669 nisi
2133 640 2192 669 rite
2210 647 2317 670 como-

1363 693 1451 722 nitus
1467 693 1648 731 resipuerit,
1666 694 1756 722 cadat
1767 703 1784 723 a
1798 694 1867 723 iure
1880 693 1980 731 regni,
1994 698 2024 722 et
2034 693 2092 722 hec
2103 697 2186 722 carta
2196 693 2318 730 obliga-

1363 746 1461 776 tionis
1482 750 1511 775 et
1532 747 1745 777 concessionis
1769 751 1875 776 nostre
1893 756 2016 785 semper
2034 746 2125 775 firma
2143 749 2316 775 remaneat.

1405 799 1468 837 Ego
1485 800 1650 829 ι101111111105
1667 800 1726 829 Dei
1742 800 1844 838 gratia
1859 808 1912 830 rex
1929 799 2108 837 Anglorum
2124 803 2154 828 et
2168 799 2320 829 dominus

1366 852 1543 891 Hybernie,
1557 853 1596 882 ab
1608 853 1665 882 hac
1677 852 1754 882 hora
1765 853 1798 882 in
1812 857 1904 882 antea
1920 852 2023 882 fidelis
2039 861 2091 882 ero
2106 852 2171 882 Deo
2186 857 2215 882 et
2230 852 2319 882 beato

1364 906 1457 935 Petro
1474 910 1503 934 et
1519 905 1650 935 ecclesie
1672 906 1814 935 Romane
1835 915 1871 935 ac
1890 905 2020 935 domiuo
2041 914 2110 935 meo
2131 905 2319 935 Innocentio

1365 968 1441 998 pape
1455 959 1549 988 tercio
1561 960 1693 997 eiusque
1704 959 1939 989 successoribus
1951 958 2316 988 catholiceintrantibus.

1368 1013 1439 1042 Non
1456 1012 1936 1048 010111111010,(11010,00115011511
1953 1011 2000 1041 vel
2013 1011 2157 1047 consilio,
2173 1015 2206 1040 ut
2221 1011 2319 1040 vitam

1367 1066 1499 1104 perdant
1509 1065 1558 1094 vel
1568 1066 1710 1094 membra
1718 1065 1766 1094 vel
1776 1065 1858 1094 mala
1866 1065 2192 1103 captionecapiantur.
2204 1064 2319 1093 Eorum

1365 1119 1554 1157 dampnum,
1569 1119 1595 1148 si
1609 1119 1739 1153 scivero,
1755 1117 1926 1157 impediam
1941 1122 1971 1147 et
1984 1125 2149 1146 remanere
2165 1117 2278 1146 faciam
2292 1116 2320 1146 si

1367 1177 1486 1212 potero,
1510 1173 1651 1211 alioquin
1674 1172 1719 1201 eis
1741 1181 1836 1210 quam
1854 1172 1952 1201 cicius
1970 1176 2075 1209 potero
2094 1170 2248 1199 intimabo
2271 1169 2320 1199 vel

1367 1226 1419 1255 tali
1432 1235 1564 1264 persone
1576 1226 1677 1255 dicam
1693 1234 1788 1264 quam
1801 1226 1845 1254 eis
1856 1224 1981 1254 credam
1993 1232 2046 1262 pro
2057 1227 2140 1253 certo
2149 1223 2318 1252 dicturam.

1366 1278 1545 1309 Consilium
1563 1279 1645 1316 quod
1661 1277 1758 1307 michi
1777 1277 1968 1307 crediderint
1984 1286 2038 1314 per
2052 1285 2085 1305 se
2101 1275 2150 1305 vel
2167 1285 2220 1314 per
2237 1283 2321 1304 nun-

1366 1333 1424 1361 tios
1453 1340 1507 1361 seu
1534 1330 1653 1360 litteras
1678 1340 1750 1360 suas
1773 1335 1928 1359 secretum
1956 1329 2067 1358 tenebo
2094 1333 2122 1358 et
2145 1328 2183 1357 ad
2209 1335 2320 1357 eorum

1366 1385 1541 1423 dampnum
1555 1384 1635 1413 nulli
1649 1384 1783 1422 pandam
1794 1392 1844 1412 me
1853 1383 1980 1412 sciente.
1996 1382 2227 1411 Patrimonium
2239 1380 2320 1410 beati

1366 1439 1452 1468 Petri
1469 1442 1498 1468 et
1519 1437 1696 1476 specialiter
1712 1446 1845 1475 regnum
1863 1436 1980 1473 Anglie
1998 1440 2028 1465 et
2043 1444 2176 1472 regnum
2194 1434 2321 1472 Hyber-

1368 1492 1421 1520 nie
1437 1492 1563 1521 adiutor
1582 1499 1633 1520 ero
1649 1490 1688 1520 ad
1707 1489 1880 1519 tenendum
1899 1493 1928 1518 et
1949 1487 2197 1517 deffendendum
2213 1490 2322 1516 contra.

1369 1554 1479 1576 omnes
1494 1544 1642 1575 homines
1655 1552 1708 1583 pro
1720 1552 1809 1582 posse
1820 1551 1901 1572 meo.
1916 1542 1968 1572 Sic
1981 1542 2068 1571 Dens
2084 1550 2135 1570 me
2150 1540 2278 1570 adiuvet
2292 1543 2323 1570 et

1366 1599 1425 1628 hec
1440 1603 1547 1628 sancta
1564 1598 1623 1626 Dei
1640 1596 1815 1634 evangelia.
1832 1596 1878 1625 De
1895 1595 2012 1634 quibus
2031 1603 2070 1623 ne
2084 1593 2184 1632 possit
2198 1593 2232 1622 in
2249 1601 2322 1632 pos-

1370 1657 1473 1682 terum
1499 1651 1670 1690 aliqnando
1695 1650 1850 1687 dubitari,
1875 1649 1913 1678 ad
1941 1649 2094 1677 maiorem
2120 1647 2321 1676 securitatem

1367 1705 1507 1744 predicte
1521 1704 1724 1742 obligationis
1736 1707 1764 1732 et
1779 1701 1994 1732 concessionis
2008 1706 2124 1736 nostre,
2141 1694 2321 1738 presentem

1368 1762 1486 1788 cartam
1505 1757 1575 1787 fieri
1600 1757 1732 1786 fecimus
1756 1761 1785 1785 et
1800 1764 1895 1784 aurea
1914 1754 1999 1783 bulla
2015 1758 2121 1783 nostra
2137 1752 2269 1790 signari,
2286 1760 2322 1782 ac

1369 1820 1425 1851 pro
1441 1819 1537 1840 censu
1555 1810 1651 1839 huius
1663 1809 1817 1848 presentis
1829 1812 1858 1837 et
1874 1807 1969 1846 primi
1986 1807 2063 1836 anni
2077 1806 2164 1835 mille
2176 1805 2324 1834 marchas

1368 1864 1596 1901 sterlingorum
1618 1872 1671 1901 per
1694 1870 1826 1890 manum
1845 1860 1977 1899 predicti
1996 1859 2090 1897 legati
2109 1858 2240 1888 ecclesie
2258 1858 2322 1887 Ro-

1369 1926 1464 1946 mane
1485 1915 1707 1954 persolvimus.
1727 1914 1873 1943 'restibus
1898 1913 2026 1942 domino
2045 1912 2076 1942 S.
2098 1911 2322 1941 Cautuariensi

1369 1970 1620 2008 archiepiscopo,
1657 1968 1708 1997 W.
1743 1967 1957 1997 Londoniensi
1969 1988 1976 2000 ,
2016 1966 2050 1996 P.
2083 1964 2300 1994 Wintoniensi
2312 1987 2320 2001 ‚

1367 2023 1403 2054 C.
1430 2023 1565 2058 Eheusi,
1586 2022 1624 2051 H.
1659 2020 1881 2050 Lincolueeusi
1902 2019 2073 2057 episcopis,
2097 2018 2148 2048 W.
2172 2017 2211 2047 de
2233 2017 2320 2056 Gray

1370 2075 1559 2106 cancellario
1572 2079 1691 2110 nostro,
1701 2073 1753 2102 W.
1763 2073 1876 2102 comite
1886 2071 2083 2102 Sarethrensi
2094 2071 2189 2100 fratre
2201 2074 2320 2107 nostro,

1368 2130 1406 2159 R.
1424 2138 1528 2159 0011105
1543 2128 1660 2164 605101,
1677 2127 1728 2156 W.
1747 2125 1961 2160 mariscalcus,
1978 2133 2082 2154 comes
2098 2123 2322 2153 Petihrothen-

1368 2184 1423 2219 sis,
1444 2182 1612 2212 Rotbertns
1634 2181 1672 2210 de
1691 2180 1769 2215 Ros,
1788 2180 1841 2208 W.
1859 2187 1964 2209 comes
1981 2178 2018 2208 de
2034 2178 2150 2214 Ferris,
2167 2176 2199 2206 S.
2217 2184 2323 2206 comes

1371 2235 1624 2270 WVintoniensis,
1642 2234 1834 2264 Guillelmns
1861 2231 2118 2267 Brudeterensis,
2142 2231 2234 2260 Petro
2254 2229 2322 2259 filio

1370 2290 1523 2325 Hercber,
1549 2288 1676 2317 Matheo
1699 2287 1766 2317 filio
1790 2286 1929 2316 Hereber
1953 2288 1983 2314 et
2008 2285 2126 2314 Briano
2149 2283 2187 2313 de
2212 2281 2323 2313 Insula

1367 2343 1508 2382 dapifero
1534 2346 1652 2372 nostro.
1675 2342 1790 2370 Datum
1814 2349 1867 2378 per
1888 2348 2003 2369 manus
2024 2337 2168 2376 magistri
2193 2336 2322 2366 Ricardi

1366 2396 1405 2425 de
1418 2395 1553 2425 Mai-isco
1568 2393 1786 2423 archidiaconi
1801 2390 2036 2421 Rieheniuudie
2051 2394 2081 2419 et
2096 2388 2321 2426 Nochumbile‚

1368 2449 1451 2488 apud
1468 2452 1613 2477 sanctum
1629 2446 1765 2476 Paulum
1784 2445 2052 2481 Londoniensem‚
2069 2443 2157 2473 tertia
2171 2442 2222 2472 die
2237 2446 2322 2472 octo-

1370 2502 1452 2538 bris,
1470 2510 1555 2531 anno
1569 2500 1608 2530 ab
1624 2499 1843 2529 incarnatione
1859 2497 1989 2527 Domini
2008 2496 2212 2532 M⁰CC⁰XIlI‚
2229 2494 2323 2533 regni

1363 2563 1441 2585 vero
1459 2554 1560 2584 nostri
1577 2562 1662 2584 311110
1677 2553 1750 2583 XV.

1807 2646 1836 2675 6.

1409 2740 1640 2771 Sanctissimo¹
1657 2739 1690 2768 in
1706 2738 1831 2768 Christo
1847 2736 1927 2775 patri
1938 2740 1967 2765 et
1979 2735 2109 2765 domino
2122 2743 2178 2764 suo
2193 2733 2325 2764 domino

1363 2794 1403 2824 G.
1425 2792 1535 2824 divina
1552 2792 1750 2831 providentia
1766 2794 1961 2820 sacrosancte
1983 2789 2127 2818 Romane
2143 2792 2173 2817 et
2191 2787 2321 2817 univer-

1362 2940 1385 2965 1.
1402 2938 1519 2973 NapleS,
1535 2938 1564 2964 12
1580 2937 1643 2972 juin
1664 2937 1739 2963 1275.
1751 2935 1834 2961 -Le
1850 2934 1892 2961 roi
1908 2933 2024 2960 charles
2038 2932 2163 2967 d‘Anjou
2181 2930 2321 2958 demande.

1321 2997 1357 3015 au
1377 2997 1447 3023 pape
1463 2987 1602 3021 Gregoire
1618 2986 1646 3012 X
1663 2986 1698 3012 ou
1714 2986 1731 3012 il
1749 2993 1852 3020 pourra
1873 2983 1910 3009 lui
1931 2983 1999 3009 faire
2014 2983 2088 3009 tenir
2102 2981 2128 3008 le
2143 2984 2271 3007 montant
2286 2979 2322 3006 de

1322 3045 1374 3064 son
1391 3045 1460 3063 cens
1476 3036 1589 3063 annuel.
