2455 3560
147 407 262 429 cssN'rto
273 408 438 429 PRESTITIT
450 410 530 430 ANTE
542 410 638 431 FORES
651 412 785 433 BASILICE
798 413 904 434 SANCTI
918 406 1114 436 SALVATORIS

1053 341 1252 371 ALBINL'S.
2159 352 2195 379 05

1196 410 1268 437 59.
1286 410 1383 438 —Ex
1407 411 1564 441 I’·ssois‘rno
1586 413 1738 443 Gru-:Gonu
1763 415 1821 444 VII
1845 425 1929 452 Pars,
1954 425 2042 446 cinno
2065 417 2108 447 III
2129 427 2194 447 011».

1237 462 1348 491 XXI¹.

147 461 207 486 Qui-2
222 452 499 483 Coxsmmmmm
509 464 723 492 APPELLATUR,
741 466 770 485 ix
790 467 839 486 οιε
856 467 915 492 Qua
931 467 1114 489 cononi-cs

149 515 202 535 izsr
215 516 254 535 AB
269 515 334 536 1PSO
352 507 559 544 Imocmwo,
582 518 750 543 Ax‘reouau
769 519 913 541 cenosam
931 521 1112 550 ACCIPERET,

150 568 255 589 11011Νο
280 559 398 589 CENCio
420 560 600 590 FRAJAPANE
624 571 830 593 IURAMENTUM
847 573 1053 594 COMPUTANTE
1076 575 1114 595 ET

147 611 223 642 Ocr.
239 621 358 642 NEPOTE
371 621 428 643 suo
444 622 480 642 Ac
495 623 623 643 CETERIS
640 623 802 645 Nommssus
821 617 964 647 Romuis
978 627 1018 647 1111
1034 627 1115 647 exis-

147 674 312 695 TENTmus.
331 682 368 687 --
384 666 494 704 (Cenc.
511 667 623 702 CXLI,
645 678 673 706 p.
692 668 774 707 414).

106 734 176 761 53.
193 748 231 755 —
248 732 294 761 DE
308 741 499 763 necem-ioue
515 743 591 763 PAPE
608 736 745 764 Ananim
762 746 779 764 A
794 736 970 767 Fut-:nmmo
987 747 1115 767 IMPERA-

147 793 239 819 Tomz,
257 795 294 815 ΒΧ
310 794 463 816 nsetsTno
480 796 574 816 IPSIUS
596 797 682 824 ΡΑΡΕ,
702 797 855 819 οΑ1>1Τυω
871 790 1058 819 LXXXIII.
1078 808 1113 813 —

145 839 256 877 (Cenc.
271 838 398 874 CXLII,
417 849 446 877 p.
465 839 546 877 414).

107 907 180 936 54.
202 922 241 927 —
263 906 453 935 Excssnprun
474 916 512 935 nx
533 915 685 937 REGISTRO
709 908 892 940 PAscuams.
911 918 1001 939 cinno
1019 910 1114 945 XIII,

149 968 214 989 cae.
234 958 345 988 XXII.
362 975 400 980 —
415 958 526 997 (Cenc.
544 960 714 996 CXXXII,
734 970 763 999 p.
781 961 862 998 407).

107 1027 177 1055 55.
191 1041 230 1049 -
246 1025 445 1055 Pnopnmus
459 1035 519 1060 QUI-3
532 1036 690 1056 REMANSIT
706 1037 798 1057 cumr.
816 1038 852 1058 οε
869 1037 1038 1059 ηεῦΑωΒηε
1057 1029 1116 1059 ΒΕ-

147 1088 297 1109 ΝΕνΕΝΤῐ.
314 1096 352 1101 -
367 1079 477 1117 (Ceue.
495 1079 685 1117 CXXXIII,
703 1091 731 1119 p.
753 1081 834 1120 408).

107 1148 167 1176 56
180 1147 200 1175 ¹.
217 1164 256 1168 —
275 1146 440 1176 Paschalis
459 1156 509 1185 pp.
537 1147 566 1176 II
589 1147 744 1178 Auselmo
765 1148 990 1178 Cantuariensi
1007 1149 1114 1179 archi-

148 1199 295 1238 episcopo
307 1202 329 1229 ².

189 1293 235 1322 De
258 1293 506 1331 presbiterorum
537 1293 616 1322 filiis
641 1294 719 1332 quid
745 1295 778 1323 in
807 1294 953 1324 Romana
982 1294 1115 1324 ecclesia

148 1346 358 1376 constitutum
376 1347 417 1375 sit
434 1347 666 1376 fraternitatem
686 1352 771 1376 tuam
790 1348 914 1377 nescire
934 1356 996 1377 nou
1016 1349 1113 1378 credi-

150 1408 232 1429 mus.
251 1399 399 1429 Ceterum
421 1400 497 1437 quia
521 1400 554 1428 iu
583 1399 763 1438 Anglorum
785 1409 884 1437 regno
899 1405 985 1430 tanta
1000 1401 1114 1430 huius-

150 1453 236 1482 modi
255 1453 421 1491 plenitudo
433 1458 480 1482 est
493 1457 527 1482 ut
540 1453 641 1482 maior
657 1461 738 1490 pene
755 1458 784 1482 et
797 1453 912 1483 melior
924 1453 1112 1483 clericorum

151 1515 221 1544 pars
233 1506 265 1534 in
284 1506 343 1535 hac
359 1506 463 1544 specie
478 1510 657 1541 censeatur,
672 1514 729 1535 nos
743 1506 1016 1544 dispensationem
1031 1506 1114 1536 hanc

147 1558 360 1588 sollicitudini
379 1564 429 1588 tue
445 1558 689 1588 committimus.
712 1559 768 1588 Eos
785 1559 871 1588 enim
889 1568 969 1598 quos
980 1560 1114 1589 scientia

145 1617 176 1641 et
192 1612 256 1641 vita
272 1611 477 1642 commendat
491 1611 574 1650 apud
593 1620 646 1641 vos
658 1612 697 1641 ad
714 1621 803 1642 sacra
814 1613 918 1642 officia
934 1614 1112 1651 promoveri

144 1674 200 1704 pro
224 1665 410 1695 necessitate
433 1666 583 1704 temporis
602 1669 631 1694 et
653 1665 793 1695 Ecclesie
814 1666 948 1695 utilitate
964 1667 1112 1696 concedi—

143 1727 226 1754 mus,
245 1722 280 1747 ut
297 1722 402 1746 tamen
420 1718 453 1746 in
473 1722 633 1756 posterum
657 1718 881 1747 constitutioni
900 1718 1112 1749 ecclesiastice

145 1771 360 1810 preiudicium
377 1776 537 1801 caveatur.
555 1771 671 1801 Cetera
692 1771 789 1800 etiam
810 1780 872 1810 que
888 1772 920 1800 in
943 1781 1040 1809 regno
1057 1772 1112 1802 illo

144 1833 200 1863 pro
216 1825 407 1854 necessitate
425 1824 577 1862 temporis
593 1824 810 1862 dispensanda
826 1830 912 1861 sunt,
930 1825 1017 1854 iuxta
1033 1835 1110 1864 gen-

147 1878 184 1907 tis
201 1878 394 1911 barbariem,
412 1877 499 1906 iuxta
520 1877 661 1906 Ecclesia
677 1878 938 1915 oportunitatem,
956 1879 1112 1917 sapientie

144 1940 179 1960 ac
195 1931 364 1968 religionis
379 1934 432 1960 tue
448 1931 630 1961 sollicitudo
647 1932 820 1968 dispenset.

105 2038 198 2067 52³.
217 2054 256 2058 —
273 2037 463 2076 Ciprianum
488 2037 650 2075 quendam
673 2046 691 2066 a
710 2037 848 2075 quodam
872 2039 1058 2072 simoniaco,
1080 2043 1112 2067 ut

147 2091 257 2126 fertur,
281 2092 426 2129 episcopo
448 2091 614 2129 presbiteri
637 2100 752 2120 nomeu
776 2092 936 2130 accepisse
961 2092 1112 2129 cognovi-

146 2153 229 2180 mus,
256 2144 300 2173 ita
324 2149 357 2173 ut
379 2153 397 2173 a
423 2144 526 2182 primo
550 2153 650 2182 usque
671 2144 710 2172 ad
738 2144 952 2182 penultimum
974 2145 1110 2182 gradum

146 2196 244 2226 simul
262 2197 490 2235 assumpserit,
511 2197 581 2226 sine
604 2196 833 2233 celebratione,
857 2198 928 2227 sine
949 2199 1110 2234 crismate,

145 2250 216 2279 sine
241 2249 382 2287 legitimi
410 2251 561 2288 temporis
586 2250 798 2280 observanti-¹1.
828 2251 919 2286 Quod
947 2251 974 2280 si
999 2260 1110 2280 verum

146 2307 203 2339 est,
221 2303 298 2341 quia
321 2303 389 2342 ipsa
415 2303 510 2333 etiam
537 2303 638 2332 forma
659 2304 849 2333 sacramenti
871 2305 988 2339 caruit,
1013 2304 1112 2333 sacris

144 2357 331 2387 omnimodo
350 2357 478 2387 videtur
495 2366 602 2386 carere
616 2357 737 2387 officiis.
758 2366 816 2386 nec
832 2357 864 2386 in
881 2366 1045 2395 quoquam
1061 2358 1112 2387 de-

145 2410 197 2439 bet
211 2409 321 2439 altaris
336 2412 577 2440 communicare
594 2410 748 2439 misteriis
764 2418 902 2448 quorum
921 2410 1023 2439 nichil
1038 2419 1110 2439 eum

145 2462 262 2493 habere
291 2472 461 2494 censemus
487 2464 563 2502 quia
594 2463 695 2492 nichil
723 2464 768 2493 sic
795 2464 952 2502 accepisse
977 2472 1110 2501 cognos-

143 2524 259 2546 cimus.

104 2584 177 2611 58.
195 2598 232 2603 —
249 2582 448 2612 Tintm'rixis.
466 2600 502 2604 -
520 2582 629 2621 (Cenc.
647 2582 796 2617 CXLIII,
817 2591 847 2620 p.
865 2582 945 2620 415).

143 2768 166 2794 I.
183 2767 205 2794 II
221 2768 268 2803 n'y
279 2777 295 2795 a
312 2777 363 2803 pas
378 2768 412 2794 de
424 2769 574 2803 rubrique,
588 2767 660 2794 mais
673 2776 708 2794 on
726 2777 741 2793 a
756 2768 842 2794 laiss&
859 2768 882 2793 la
900 2769 977 2802 place
989 2777 1062 2804 pour
1075 2777 1109 2795 en

105 2817 234 2843 recevoir
249 2826 318 2844 une.

139 2865 166 2892 ⁴2.
182 2865 209 2892 J.
227 2866 307 2901 6152,
324 2867 360 2893 du
379 2867 411 2893 30
428 2868 483 2893 mai
503 2866 580 2894 ¹107.

141 2914 166 2941 3.
183 2914 278 2941 Meme
294 2915 479 2942 observation
498 2924 570 2950 pour
585 2916 610 2941 la
627 2915 772 2949 rubrique.
791 2915 872 2942 Cette
889 2916 967 2949 picco
984 2920 1028 2942 est
1045 2925 1111 2951 pro—

105 2963 283 2995 bablement,
299 2972 413 2990 comme
435 2965 461 2990 la
484 2964 670 2999 precedente,
690 2972 726 2989 uu
749 2965 853 2990 extr-ait
875 2964 911 2990 du
934 2965 1056 2998 regiStre
1077 2965 1111 2990 de

108 3010 206 3038 Pascal
222 3011 260 3038 11.

1278 541 1341 578 Ego
1364 542 1575 580 berengarius
1596 545 1800 576 Carnotensis
1824 548 1977 585 presbiter
1992 549 2085 579 corde
2104 550 2197 580 credo

1236 599 1265 622 et
1281 603 1333 624 ore
1350 597 1501 626 coutiteor
1520 606 1629 635 panem
1644 605 1673 628 et
1686 600 1795 628 vinum
1809 610 1870 638 que
1883 606 2044 638 ponuntur
2057 603 2088 630 in
2103 602 2195 632 altari

1237 656 1291 685 per
1303 648 1482 678 misterium
1502 660 1588 680 sacre
1603 652 1757 681 orationis
1774 657 1802 681 et
1817 654 1910 683 verba
1928 655 2025 684 nostri
2045 655 2197 694 Redemp-

1239 701 1312 729 toris
1322 702 1571 731 substantialiter
1581 705 1720 733 converti
1733 706 1763 733 iu
1777 715 1881 734 veram
1893 712 1922 735 et
1934 708 2091 745 propriam
2105 717 2139 737 ac
2154 710 2196 737 vi-

1239 753 1442 783 vificatricem
1460 764 1586 784 carnem
1605 758 1836 793 etsanguinem
1851 759 1926 787 Jesu
1939 759 2058 788 Christi
2071 760 2194 790 domiui

1238 808 1356 842 nostri,
1388 814 1418 836 et
1447 813 1514 846 post
1542 811 1815 839 consecrationem
1845 821 1911 840 esse
1944 822 2052 841 verum
2084 822 2195 852 corpus

1236 859 1354 889 Christi
1372 861 1454 898 quod
1474 866 1583 890 uatum
1601 868 1646 891 est
1667 862 1705 891 de
1725 863 1851 900 virgine
1875 869 1904 893 et
1923 866 2005 903 quod
2024 875 2077 903 pro
2096 867 2196 897 salute

1238 913 1349 942 mundi
1375 913 1514 943 oblatum
1539 915 1572 943 in
1595 924 1686 944 cruce
1711 917 1861 954 pependit
1884 923 1913 946 et
1938 919 2021 955 quod
2047 920 2132 948 sedet
2156 920 2195 949 ad

1239 966 1399 995 dexteram
1418 967 1532 1001 Patris,
1551 973 1581 996 et
1597 977 1709 997 verum
1733 969 1922 1005 sanguinem
1941 971 2058 1000 Christi
2081 973 2134 1009 qui
2158 973 2195 1002 de

1237 1019 1335 1048 latere
1351 1021 1420 1058 ejus
1434 1021 1553 1050 effusus
1569 1026 1630 1055 est,
1650 1030 1712 1051 non
1738 1029 1841 1051 tamen
1864 1032 1918 1060 per
1940 1024 2067 1061 signum
2086 1030 2114 1054 et
2132 1026 2195 1054 vir-

1239 1077 1336 1101 tutem
1353 1074 1544 1102 sacramenti
1568 1078 1614 1103 set
1634 1074 1666 1102 iu
1686 1076 1872 1112 proprietate
1890 1082 2001 1106 nature
2017 1082 2046 1106 et
2065 1079 2194 1107 veritate

1237 1126 1424 1155 substantie.
1445 1126 1534 1155 Sicut
1551 1127 1583 1155 in
1597 1126 1654 1156 hoc
1672 1127 1760 1156 brevi
1777 1129 1957 1157 continetur
1973 1135 2000 1158 et
2018 1138 2074 1166 ego
2090 1130 2151 1167 legi
2166 1136 2196 1160 et

1238 1188 1291 1208 vos
1306 1179 1496 1218 intelligitis,
1517 1180 1560 1209 sic
1576 1180 1686 1216 credo,
1706 1190 1762 1209 uec
1776 1186 1885 1210 contra
1902 1182 1983 1211 banc
2001 1183 2094 1212 fidem
2112 1183 2194 1213 ulte-

1238 1233 1303 1261 rius
1321 1232 1450 1262 docebo.
1472 1233 1524 1262 Sic
1545 1242 1595 1262 me
1622 1234 1704 1263 Deus
1721 1234 1850 1271 adjuvet
1868 1240 1898 1264 et
1919 1235 1975 1264 hec
1994 1245 2081 1265 sacra
2099 1245 2196 1266 evan-

1237 1285 1329 1323 gelia.

1277 1339 1388 1368 Postea
1404 1338 1556 1368 domiuus
1574 1348 1650 1378 papa
1673 1340 1810 1378 precepit
1833 1340 1936 1370 eidem
1957 1342 1991 1370 Β.
2010 1350 2044 1370 ex
2064 1342 2197 1371 auctori-

1238 1395 1297 1420 tate
1316 1391 1373 1420 Dei
1389 1392 1618 1429 omnipotentis
1635 1397 1664 1421 et
1680 1398 1862 1422 sanctorum
1879 1393 2092 1431 apostolorum
2110 1395 2197 1424 Petri

1236 1449 1266 1474 et
1282 1444 1375 1473 Pauli
1393 1450 1427 1474 ut
1442 1444 1480 1474 de
1496 1453 1625 1483 corpore
1643 1450 1673 1474 et
1691 1446 1850 1483 sanguine
1875 1446 2002 1475 Domini
2021 1456 2196 1485 numquam

1237 1497 1370 1526 ulterius
1387 1506 1457 1526 cum
1476 1497 1584 1536 aliquo
1601 1498 1762 1536 disputare
1779 1499 1827 1528 vel
1844 1498 1984 1536 aliquem
2003 1499 2114 1528 docere
2130 1508 2199 1537 pre·

1236 1555 1353 1593 sumat,
1371 1555 1498 1589 excepta
1515 1559 1608 1579 causa
1627 1551 1797 1580 reducendi
1810 1551 1847 1580 ad
1863 1551 1945 1581 hanc
1963 1552 2056 1581 fidem
2073 1561 2125 1582 eos
2141 1553 2196 1590 qui

1235 1613 1289 1641 per
1305 1604 1374 1641 ejus
1390 1603 1567 1633 doctrinam
1586 1603 1624 1633 ab
1639 1612 1674 1632 ea
1691 1610 1897 1634 recesserant.

1196 1711 1266 1740 80.
1283 1726 1322 1731 —
1336 1710 1414 1739 IDEM
1425 1719 1455 1738 ix
1465 1719 1580 1739 EODEM.
1591 1710 1808 1739 JL'RAMENTCM
1823 1711 1860 1739 tt.
1879 1719 1958 1739 meri
1973 1710 2195 1740 Canxorsssffis

1233 1765 1404 1792 EPISCOP1‘2.

1274 1843 1338 1880 Ego
1367 1843 1526 1872 Robertus
1552 1844 1700 1882 promitto
1725 1844 1938 1881 omnipotenti
1963 1844 2028 1873 Deo
2053 1847 2081 1872 et
2106 1844 2196 1873 beato

1234 1897 1326 1926 Petro
1338 1895 1553 1934 apostolorum
1569 1896 1705 1934 principi
1720 1896 1812 1925 cuius
1824 1905 1936 1934 corpus
1948 1896 1999 1925 hic
2014 1896 2193 1934 requiescit,

1233 1949 1316 1987 quod
1341 1949 1373 1977 iu
1399 1958 1602 1987 quocumque
1629 1955 1768 1986 tempore
1791 1949 1912 1986 legatus
1930 1949 2098 1987 apostolice
2114 1949 2198 1978 sedis

1233 2002 1371 2031 directus
1388 2011 1404 2030 a
1418 2002 1536 2031 domno
1553 2007 1659 2031 nostro
1676 2002 1831 2039 Gregorio
1847 2003 1901 2040 qui
1918 2011 2004 2031 nunc
2021 2007 2067 2031 est
2084 2002 2196 2031 Roma—

1234 2064 1294 2084 nus
1315 2055 1453 2093 pontifex
1472 2055 1520 2083 vel
1543 2055 1581 2083 ab
1601 2055 1710 2093 aliquo
1731 2064 1946 2084 successorum
1972 2063 2102 2084 suorum
2121 2055 2196 2083 item

1234 2108 1455 2137 Romanorum
1466 2108 1652 2146 pontificum
1665 2108 1702 2136 ad
1719 2117 1767 2137 me
1779 2108 1913 2138 venerit.
1926 2108 2008 2136 iufra
2025 2108 2197 2136 terminum

1233 2170 1327 2199 quem
1356 2162 1438 2190 idem
1468 2161 1590 2199 legatus
1615 2161 1698 2190 mihi
1723 2162 1941 2194 constituerit,
1968 2161 2194 2190 Cat-notensem

1234 2214 1450 2252 episcopatum
1467 2214 1554 2243 omni
1573 2214 1738 2243 occasione
1754 2213 1878 2242 sublata
1894 2213 1942 2241 vel
1967 2212 2076 2241 fraude
2091 2212 2197 2241 dimit-

1237 2271 1298 2295 tam
1323 2273 1352 2295 et
1376 2276 1448 2295 cum
1474 2267 1556 2296 bona
1577 2266 1637 2295 [ide
1659 2266 1791 2295 studebo
1811 2266 1962 2304 quatinus
1985 2265 2119 2295 ecclesia
2142 2265 2196 2294 illa

1234 2320 1409 2349 secundum
1428 2319 1532 2349 Deum
1550 2320 1725 2353 ordinetur,
1745 2319 1848 2348 nichil
1865 2323 1994 2347 acturus
2012 2327 2062 2347 me
2079 2318 2198 2347 sciente

1234 2382 1289 2411 per
1311 2381 1362 2401 me
1384 2372 1431 2401 vel
1454 2382 1509 2410 per
1529 2368 1674 2410 aliquam*
1693 2381 1711 2400 a
1732 2381 1782 2400 me
1805 2372 2010 2400 summissam
2029 2378 2196 2408 personam

1234 2425 1319 2454 unde
1341 2425 1473 2454 ecclesia
1496 2425 1607 2454 eadem
1632 2424 1681 2454 vel
1704 2424 1810 2453 clerici
1833 2424 1902 2461 ejus
1928 2431 1997 2452 meo
2021 2423 2126 2452 studio
2149 2422 2197 2451 vel

1234 2478 1356 2506 malitia
1374 2478 1529 2507 lesionem
1550 2482 1604 2506 aut
1626 2477 1856 2506 detrimentum
1877 2476 2043 2513 accipiant.
2064 2475 2129 2504 Hoc
2146 2484 2196 2504 sa—

1233 2535 1434 2560 cramentum
1454 2530 1586 2566 jubente
1601 2530 1732 2559 domino
1750 2534 1856 2558 nostro
1871 2528 2024 2565 Gregorio
2042 2527 2099 2556 VII
2119 2535 2196 2565 papa

1233 2592 1292 2621 ego
1315 2583 1402 2613 Cono
1422 2583 1556 2612 humilis
1581 2583 1734 2620 presbiter
1755 2581 1836 2611 tituli
1859 2581 1979 2610 Christi
2004 2580 2143 2609 martiris
2168 2586 2197 2608 et

1234 2636 1371 2674 virginis
1389 2642 1497 2665 sancte
1514 2635 1683 2664 Anastasie
1706 2635 1833 2672 scripsi,
1855 2638 1883 2662 et
1906 2634 1937 2662 in
1960 2632 2092 2662 ecclesia
2116 2632 2197 2661 beati

1234 2689 1320 2718 Petri
1339 2689 1371 2718 iu
1393 2689 1606 2724 confessione,
1632 2688 1671 2716 ad
1694 2696 1807 2726 corpus
1830 2687 1909 2725 ejus,
1932 2685 1988 2714 ubi
2006 2685 2121 2714 factum
2139 2689 2195 2718 est,

1233 2869 1255 2894 I.
1279 2867 1384 2899 Rome,
1412 2868 1437 2893 ll
1458 2867 1561 2893 sevi-ier
1579 2867 1653 2893 1079.
1673 2881 1704 2885 -
1721 2865 1763 2892 CI'.
1780 2865 1867 2895 Jaffe,
1890 2866 1969 2892 Bibl..
1988 2869 2007 2890 t.
2026 2864 2065 2894 11,
2089 2873 2116 2898 p.
2136 2862 2196 2889 353.

1194 2931 1226 2934 —
1242 2915 1377 2942 Serment
1389 2916 1426 2941 du
1443 2917 1537 2950 preti-e
1554 2915 1709 2949 Be'renger‚
1727 2916 1892 2948 soupconne
1909 2913 2061 2939 d¹heresie.

1229 2965 1255 2990 Ξ.
1275 2964 1382 2992 Rome.
1407 2965 1476 2990 avril
1496 2964 1570 2990 1076.
1595 2979 1627 2982 —
1653 2963 1695 2990 Cf.
1718 2963 1799 2993 Jaffe,
1827 2964 1906 2993 Brbl„
1928 2968 1947 2987 t.
1971 2961 2013 2988 Il.
2039 2970 2067 2995 p.
2085 2960 2146 2986 232.
2165 2974 2197 2978 -

1195 3012 1327 3039 Serment
1343 3013 1377 3038 de
1395 3013 1514 3041 Robert,
1531 3014 1639 3047 eveque
1655 3012 1689 3038 de
1703 3012 1850 3038 Chartres.
