<?xml version="1.0" encoding="UTF-8"?>
<!DOCTYPE html PUBLIC "-//W3C//DTD XHTML 1.0 Transitional//EN"
    "http://www.w3.org/TR/xhtml1/DTD/xhtml1-transitional.dtd">
<html xmlns="http://www.w3.org/1999/xhtml" xml:lang="en" lang="en">
 <head>
  <title>
</title>
<meta http-equiv="Content-Type" content="text/html;charset=utf-8" />
  <meta name='ocr-system' content='tesseract 3.04.00' />
  <meta name='ocr-capabilities' content='ocr_page ocr_carea ocr_par ocr_line ocrx_word'/>
</head>
<body>
  <div class='ocr_page' id='page_1' title='image "./lelibercensuumde05fabruoft_0026.png"; bbox 0 0 2402 3592; ppageno 0'>
   <div class='ocr_carea' id='block_1_1' title="bbox 175 349 207 376">
    <p class='ocr_par' dir='ltr' id='par_1_1' title="bbox 175 349 207 376">
     <span class='ocr_line' id='line_1_1' title="bbox 175 349 207 376; baseline 0 0"><span class='ocrx_word' id='word_1_1' title='bbox 175 349 207 376; x_wconf 80' lang='lat'><em>18</em></span> 
     </span>
    </p>
   </div>
   <div class='ocr_carea' id='block_1_2' title="bbox 226 1096 240 1120">
    <p class='ocr_par' dir='ltr' id='par_1_2' title="bbox 226 1096 240 1120">
     <span class='ocr_line' id='line_1_2' title="bbox 226 1096 240 1120; baseline 0 -4"><span class='ocrx_word' id='word_1_2' title='bbox 226 1096 240 1120; x_wconf 59' lang='lat' dir='ltr'><em>{l</em></span> 
     </span>
    </p>
   </div>
   <div class='ocr_carea' id='block_1_3' title="bbox 714 333 1698 374">
    <p class='ocr_par' dir='ltr' id='par_1_3' title="bbox 714 333 1698 374">
     <span class='ocr_line' id='line_1_3' title="bbox 714 333 1698 374; baseline -0.002 0"><span class='ocrx_word' id='word_1_3' title='bbox 714 346 761 374; x_wconf 87' lang='lat' dir='ltr'><em>LE</em></span> <span class='ocrx_word' id='word_1_4' title='bbox 785 345 926 374; x_wconf 75' lang='lat' dir='ltr'>LIBER</span> <span class='ocrx_word' id='word_1_5' title='bbox 951 342 1182 373; x_wconf 73' lang='lat' dir='ltr'>CENSUUM</span> <span class='ocrx_word' id='word_1_6' title='bbox 1204 342 1258 371; x_wconf 85' lang='lat' dir='ltr'><em>DE</em></span> <span class='ocrx_word' id='word_1_7' title='bbox 1283 333 1467 371; x_wconf 74' lang='lat' dir='ltr'>L’EGLISE</span> <span class='ocrx_word' id='word_1_8' title='bbox 1491 341 1698 372; x_wconf 73' lang='lat' dir='ltr'><strong>ROMAINE.</strong></span> 
     </span>
    </p>
   </div>
   <div class='ocr_carea' id='block_1_4' title="bbox 245 410 1166 446">
    <p class='ocr_par' dir='ltr' id='par_1_4' title="bbox 245 410 1166 446">
     <span class='ocr_line' id='line_1_4' title="bbox 245 410 1166 446; baseline -0.007 -7"><span class='ocrx_word' id='word_1_9' title='bbox 245 435 249 440; x_wconf 89' lang='lat'><em>.</em></span> <span class='ocrx_word' id='word_1_10' title='bbox 273 415 329 446; x_wconf 78' lang='lat' dir='ltr'><em>Qua</em></span> <span class='ocrx_word' id='word_1_11' title='bbox 348 417 414 438; x_wconf 64' lang='lat' dir='ltr'><em>etate</em></span> <span class='ocrx_word' id='word_1_12' title='bbox 434 414 574 444; x_wconf 52' lang='lat' dir='ltr'><em>ruffinum&gt;</em></span> <span class='ocrx_word' id='word_1_13' title='bbox 589 413 702 444; x_wconf 56' lang='lat' dir='ltr'><em>episcopt</em></span> <span class='ocrx_word' id='word_1_14' title='bbox 717 415 738 436; x_wconf 77' lang='lat' dir='ltr'><em>et</em></span> <span class='ocrx_word' id='word_1_15' title='bbox 755 413 834 436; x_wconf 77' lang='lat' dir='ltr'><em>ceteri</em></span> <span class='ocrx_word' id='word_1_16' title='bbox 849 413 896 444; x_wconf 73' lang='lat' dir='ltr'><em>qui</em></span> <span class='ocrx_word' id='word_1_17' title='bbox 911 413 1023 443; x_wconf 64' lang='lat' dir='ltr'><em>presunt</em></span> <span class='ocrx_word' id='word_1_18' title='bbox 1039 410 1113 434; x_wconf 80' lang='lat' dir='ltr'><em>aliis.</em></span> <span class='ocrx_word' id='word_1_19' title='bbox 1131 422 1166 428; x_wconf 92' lang='lat'>—</span> 
     </span>
    </p>
   </div>
   <div class='ocr_carea' id='block_1_5' title="bbox 312 459 886 491">
    <p class='ocr_par' dir='ltr' id='par_1_5' title="bbox 312 459 886 491">
     <span class='ocr_line' id='line_1_5' title="bbox 312 459 886 491; baseline -0.003 -4"><span class='ocrx_word' id='word_1_20' title='bbox 312 461 380 487; x_wconf 88' lang='lat' dir='ltr'><em>Cum</em></span> <span class='ocrx_word' id='word_1_21' title='bbox 399 461 424 486; x_wconf 83' lang='lat' dir='ltr'><em>iu</em></span> <span class='ocrx_word' id='word_1_22' title='bbox 442 461 553 486; x_wconf 76' lang='lat' dir='ltr'><em>cunctis</em></span> <span class='ocrx_word' id='word_1_23' title='bbox 570 461 658 485; x_wconf 72' lang='lat' dir='ltr'><em>sacris</em></span> <span class='ocrx_word' id='word_1_24' title='bbox 675 459 823 485; x_wconf 84' lang='lat' dir='ltr'><em>ordinibus</em></span> <span class='ocrx_word' id='word_1_25' title='bbox 840 459 886 491; x_wconf 85' lang='lat'>(3).</span> 
     </span>
    </p>
   </div>
   <div class='ocr_carea' id='block_1_6' title="bbox 246 506 1166 541">
    <p class='ocr_par' dir='ltr' id='par_1_6' title="bbox 246 506 1166 541">
     <span class='ocr_line' id='line_1_6' title="bbox 246 506 1166 541; baseline -0.007 -4"><span class='ocrx_word' id='word_1_26' title='bbox 246 533 250 536; x_wconf 91' lang='lat'>.</span> <span class='ocrx_word' id='word_1_27' title='bbox 274 512 305 537; x_wconf 76' lang='lat' dir='ltr'><em>De</em></span> <span class='ocrx_word' id='word_1_28' title='bbox 322 511 444 535; x_wconf 75' lang='lat' dir='ltr'><em>hereticis</em></span> <span class='ocrx_word' id='word_1_29' title='bbox 460 511 508 541; x_wconf 81' lang='lat' dir='ltr'><em>qui</em></span> <span class='ocrx_word' id='word_1_30' title='bbox 523 510 636 534; x_wconf 68' lang='lat' dir='ltr'><em>(liversis</em></span> <span class='ocrx_word' id='word_1_31' title='bbox 653 509 809 534; x_wconf 73' lang='lat' dir='ltr'><em>nominibus</em></span> <span class='ocrx_word' id='word_1_32' title='bbox 824 510 964 534; x_wconf 79' lang='lat' dir='ltr'><em>vocantur.</em></span> <span class='ocrx_word' id='word_1_33' title='bbox 983 522 1014 526; x_wconf 89' lang='lat'><em>-</em></span> <span class='ocrx_word' id='word_1_34' title='bbox 1031 507 1110 532; x_wconf 75' lang='lat' dir='ltr'><em>Sicut</em></span> <span class='ocrx_word' id='word_1_35' title='bbox 1127 506 1166 532; x_wconf 88' lang='lat' dir='ltr'><em>ait</em></span> 
     </span>
    </p>
   </div>
   <div class='ocr_carea' id='block_1_7' title="bbox 313 558 535 592">
    <p class='ocr_par' dir='ltr' id='par_1_7' title="bbox 313 558 535 592">
     <span class='ocr_line' id='line_1_7' title="bbox 313 558 535 592; baseline -0.014 -8"><span class='ocrx_word' id='word_1_36' title='bbox 313 559 368 584; x_wconf 81' lang='lat' dir='ltr'><em>Leo</em></span> <span class='ocrx_word' id='word_1_37' title='bbox 386 566 455 592; x_wconf 82' lang='lat' dir='ltr'><em>papa</em></span> <span class='ocrx_word' id='word_1_38' title='bbox 472 558 535 590; x_wconf 61' lang='lat'>(27).</span> 
     </span>
    </p>
   </div>
   <div class='ocr_carea' id='block_1_8' title="bbox 245 603 1166 640">
    <p class='ocr_par' dir='ltr' id='par_1_8' title="bbox 245 603 1166 640">
     <span class='ocr_line' id='line_1_8' title="bbox 245 603 1166 640; baseline -0.005 -7"><span class='ocrx_word' id='word_1_39' title='bbox 245 629 250 633; x_wconf 93' lang='lat'>.</span> <span class='ocrx_word' id='word_1_40' title='bbox 274 609 306 633; x_wconf 72' lang='lat' dir='ltr'><em>Dc</em></span> <span class='ocrx_word' id='word_1_41' title='bbox 325 607 552 640; x_wconf 68' lang='lat' dir='ltr'><em>appellationibus</em></span> <span class='ocrx_word' id='word_1_42' title='bbox 569 609 592 631; x_wconf 82' lang='lat' dir='ltr'><em>ct</em></span> <span class='ocrx_word' id='word_1_43' title='bbox 608 606 716 638; x_wconf 78' lang='lat' dir='ltr'><em>quando</em></span> <span class='ocrx_word' id='word_1_44' title='bbox 737 606 845 630; x_wconf 73' lang='lat' dir='ltr'><em>debeant</em></span> <span class='ocrx_word' id='word_1_45' title='bbox 864 606 931 635; x_wconf 72' lang='lat' dir='ltr'><em>(ieri.</em></span> <span class='ocrx_word' id='word_1_46' title='bbox 950 619 981 623; x_wconf 92' lang='lat'>—</span> <span class='ocrx_word' id='word_1_47' title='bbox 998 603 1166 638; x_wconf 86' lang='lat' dir='ltr'><em>Reprehen-</em></span> 
     </span>
    </p>
   </div>
   <div class='ocr_carea' id='block_1_9' title="bbox 313 654 760 686">
    <p class='ocr_par' dir='ltr' id='par_1_9' title="bbox 313 654 760 686">
     <span class='ocr_line' id='line_1_9' title="bbox 313 654 760 686; baseline -0.002 -5"><span class='ocrx_word' id='word_1_48' title='bbox 313 656 404 681; x_wconf 87' lang='lat' dir='ltr'><em>sibilis</em></span> <span class='ocrx_word' id='word_1_49' title='bbox 422 655 500 680; x_wconf 78' lang='lat' dir='ltr'><em>valde</em></span> <span class='ocrx_word' id='word_1_50' title='bbox 517 654 696 680; x_wconf 85' lang='lat' dir='ltr'><em>cousuetudo</em></span> <span class='ocrx_word' id='word_1_51' title='bbox 714 654 760 686; x_wconf 86' lang='grc'>(6).</span> 
     </span>
    </p>
   </div>
   <div class='ocr_carea' id='block_1_10' title="bbox 246 701 1167 787">
    <p class='ocr_par' dir='ltr' id='par_1_10' title="bbox 246 701 1167 787">
     <span class='ocr_line' id='line_1_10' title="bbox 247 701 1033 735; baseline -0.004 -5"><span class='ocrx_word' id='word_1_52' title='bbox 247 727 251 730; x_wconf 92' lang='grc'>.</span> <span class='ocrx_word' id='word_1_53' title='bbox 274 707 305 731; x_wconf 77' lang='lat' dir='ltr'><em>De</em></span> <span class='ocrx_word' id='word_1_54' title='bbox 320 705 457 729; x_wconf 75' lang='lat' dir='ltr'><em>usuraris.</em></span> <span class='ocrx_word' id='word_1_55' title='bbox 476 718 507 722; x_wconf 39' lang='grc' dir='ltr'>ἢ</span> <span class='ocrx_word' id='word_1_56' title='bbox 525 704 598 735; x_wconf 75' lang='lat' dir='ltr'><em>Quia</em></span> <span class='ocrx_word' id='word_1_57' title='bbox 614 703 641 728; x_wconf 90' lang='lat' dir='ltr'><em>iu</em></span> <span class='ocrx_word' id='word_1_58' title='bbox 658 703 793 728; x_wconf 89' lang='lat' dir='ltr'><em>omnibus</em></span> <span class='ocrx_word' id='word_1_59' title='bbox 809 703 866 728; x_wconf 79' lang='lat' dir='ltr'><em>fere</em></span> <span class='ocrx_word' id='word_1_60' title='bbox 883 702 952 728; x_wconf 88' lang='lat' dir='ltr'><em>locis</em></span> <span class='ocrx_word' id='word_1_61' title='bbox 968 701 1033 734; x_wconf 66' lang='lat'>(25).</span> 
     </span>
     <span class='ocr_line' id='line_1_11' title="bbox 246 750 1167 787; baseline -0.007 -8"><span class='ocrx_word' id='word_1_62' title='bbox 246 775 250 779; x_wconf 93' lang='lat'>.</span> <span class='ocrx_word' id='word_1_63' title='bbox 274 753 302 779; x_wconf 54' lang='lat' dir='ltr'><em>Li!</em></span> <span class='ocrx_word' id='word_1_64' title='bbox 317 753 445 787; x_wconf 77' lang='lat' dir='ltr'><em>prebende</em></span> <span class='ocrx_word' id='word_1_65' title='bbox 460 755 483 777; x_wconf 75' lang='lat' dir='ltr'><em>et</em></span> <span class='ocrx_word' id='word_1_66' title='bbox 501 756 587 777; x_wconf 73' lang='lat' dir='ltr'><em>cetera</em></span> <span class='ocrx_word' id='word_1_67' title='bbox 602 753 778 777; x_wconf 78' lang='lat' dir='ltr'><em>ecclesiastiea</em></span> <span class='ocrx_word' id='word_1_68' title='bbox 794 752 918 782; x_wconf 77' lang='lat' dir='ltr'><em>beneficia</em></span> <span class='ocrx_word' id='word_1_69' title='bbox 934 758 985 776; x_wconf 80' lang='lat' dir='ltr'><em>non</em></span> <span class='ocrx_word' id='word_1_70' title='bbox 1005 750 1167 775; x_wconf 80' lang='lat' dir='ltr'><em>tribuantur</em></span> 
     </span>
    </p>
   </div>
   <div class='ocr_carea' id='block_1_11' title="bbox 313 801 1166 879">
    <p class='ocr_par' dir='ltr' id='par_1_11' title="bbox 313 801 1166 879">
     <span class='ocr_line' id='line_1_12' title="bbox 313 801 1166 834; baseline -0.005 -7"><span class='ocrx_word' id='word_1_71' title='bbox 313 809 395 834; x_wconf 73' lang='lat' dir='ltr'><em>neque</em></span> <span class='ocrx_word' id='word_1_72' title='bbox 416 802 618 834; x_wconf 70' lang='lat' dir='ltr'><em>promittantur</em></span> <span class='ocrx_word' id='word_1_73' title='bbox 643 802 699 826; x_wconf 83' lang='lat' dir='ltr'><em>nisi</em></span> <span class='ocrx_word' id='word_1_74' title='bbox 722 801 879 825; x_wconf 72' lang='lat' dir='ltr'><em>decesserint</em></span> <span class='ocrx_word' id='word_1_75' title='bbox 900 801 948 832; x_wconf 72' lang='lat' dir='ltr'><em>qui</em></span> <span class='ocrx_word' id='word_1_76' title='bbox 967 807 997 824; x_wconf 78' lang='lat' dir='ltr'><em>ea</em></span> <span class='ocrx_word' id='word_1_77' title='bbox 1017 801 1116 824; x_wconf 71' lang='lat' dir='ltr'><em>tenent.</em></span> <span class='ocrx_word' id='word_1_78' title='bbox 1133 811 1166 817; x_wconf 93' lang='lat'><strong>—</strong></span> 
     </span>
     <span class='ocr_line' id='line_1_13' title="bbox 313 847 1097 879; baseline -0.004 -4"><span class='ocrx_word' id='word_1_79' title='bbox 313 849 396 876; x_wconf 77' lang='lat' dir='ltr'><em>Nulla</em></span> <span class='ocrx_word' id='word_1_80' title='bbox 412 849 607 875; x_wconf 78' lang='lat' dir='ltr'><em>ecclesiastica</em></span> <span class='ocrx_word' id='word_1_81' title='bbox 625 849 816 874; x_wconf 86' lang='lat' dir='ltr'><em>ministeria...</em></span> <span class='ocrx_word' id='word_1_82' title='bbox 833 848 1034 874; x_wconf 70' lang='lat' dir='ltr'><em>conferantur!</em></span> <span class='ocrx_word' id='word_1_83' title='bbox 1052 847 1097 879; x_wconf 69' lang='lat' dir='ltr'>(S).</span> 
     </span>
    </p>
   </div>
   <div class='ocr_carea' id='block_1_12' title="bbox 246 896 1168 931">
    <p class='ocr_par' dir='ltr' id='par_1_12' title="bbox 246 896 1168 931">
     <span class='ocr_line' id='line_1_14' title="bbox 246 896 1168 931; baseline -0.004 -7"><span class='ocrx_word' id='word_1_84' title='bbox 246 921 249 924; x_wconf 96' lang='lat'>.</span> <span class='ocrx_word' id='word_1_85' title='bbox 273 899 302 925; x_wconf 60' lang='lat' dir='ltr'><em>St·</em></span> <span class='ocrx_word' id='word_1_86' title='bbox 322 900 457 931; x_wconf 73' lang='lat' dir='ltr'><em>episcopus</em></span> <span class='ocrx_word' id='word_1_87' title='bbox 480 899 537 923; x_wconf 71' lang='lat' dir='ltr'><em>sine</em></span> <span class='ocrx_word' id='word_1_88' title='bbox 559 900 629 923; x_wconf 75' lang='lat' dir='ltr'><em>certo</em></span> <span class='ocrx_word' id='word_1_89' title='bbox 646 899 724 922; x_wconf 78' lang='lat' dir='ltr'><em>titulo</em></span> <span class='ocrx_word' id='word_1_90' title='bbox 740 898 859 929; x_wconf 72' lang='lat' dir='ltr'><em>aliquem</em></span> <span class='ocrx_word' id='word_1_91' title='bbox 882 898 910 921; x_wconf 82' lang='lat' dir='ltr'><em>in</em></span> <span class='ocrx_word' id='word_1_92' title='bbox 932 896 1109 929; x_wconf 78' lang='lat' dir='ltr'><em>presbiterum</em></span> <span class='ocrx_word' id='word_1_93' title='bbox 1128 896 1168 921; x_wconf 83' lang='lat' dir='ltr'><em>vel</em></span> 
     </span>
    </p>
   </div>
   <div class='ocr_carea' id='block_1_13' title="bbox 275 944 1167 1079">
    <p class='ocr_par' dir='ltr' id='par_1_13' title="bbox 275 944 1167 1079">
     <span class='ocr_line' id='line_1_15' title="bbox 315 944 1167 978; baseline -0.004 -6"><span class='ocrx_word' id='word_1_94' title='bbox 315 949 343 972; x_wconf 73' lang='lat' dir='ltr'><em>[a</em></span> <span class='ocrx_word' id='word_1_95' title='bbox 371 947 518 972; x_wconf 67' lang='lat' dir='ltr'><em>dns-onum</em></span> <span class='ocrx_word' id='word_1_96' title='bbox 549 946 699 971; x_wconf 67' lang='lat' dir='ltr'><em>ordinavit.</em></span> <span class='ocrx_word' id='word_1_97' title='bbox 731 959 765 964; x_wconf 94' lang='lat'><em>—-</em></span> <span class='ocrx_word' id='word_1_98' title='bbox 798 945 928 970; x_wconf 72' lang='lat' dir='ltr'><em>preterca</em></span> <span class='ocrx_word' id='word_1_99' title='bbox 958 944 981 970; x_wconf 91' lang='lat' dir='ltr'><em>si</em></span> <span class='ocrx_word' id='word_1_100' title='bbox 1013 945 1167 978; x_wconf 80' lang='lat' dir='ltr'><em>episcopus</em></span> 
     </span>
     <span class='ocr_line' id='line_1_16' title="bbox 314 996 499 1029; baseline 0 -8"><span class='ocrx_word' id='word_1_101' title='bbox 314 997 434 1029; x_wconf 69' lang='lat' dir='ltr'><em>aliquem</em></span> <span class='ocrx_word' id='word_1_102' title='bbox 453 996 499 1028; x_wconf 76' lang='lat'><em>(5).</em></span> 
     </span>
     <span class='ocr_line' id='line_1_17' title="bbox 275 1043 1019 1079; baseline -0.005 -8"><span class='ocrx_word' id='word_1_103' title='bbox 275 1046 307 1071; x_wconf 59' lang='lat' dir='ltr'><em>ltev</em></span> <span class='ocrx_word' id='word_1_104' title='bbox 324 1046 496 1079; x_wconf 72' lang='lat' dir='ltr'><em>symoniacis.</em></span> <span class='ocrx_word' id='word_1_105' title='bbox 512 1058 547 1064; x_wconf 90' lang='lat'>—</span> <span class='ocrx_word' id='word_1_106' title='bbox 561 1043 631 1069; x_wconf 81' lang='lat' dir='ltr'><em>Cum</em></span> <span class='ocrx_word' id='word_1_107' title='bbox 650 1045 675 1069; x_wconf 89' lang='lat' dir='ltr'><em>iu</em></span> <span class='ocrx_word' id='word_1_108' title='bbox 694 1043 821 1069; x_wconf 71' lang='lat' dir='ltr'><em>Ecclesie</em></span> <span class='ocrx_word' id='word_1_109' title='bbox 838 1051 955 1076; x_wconf 72' lang='lat' dir='ltr'><em>corpore</em></span> <span class='ocrx_word' id='word_1_110' title='bbox 972 1043 1019 1075; x_wconf 84' lang='lat'>(7).</span> 
     </span>
    </p>
   </div>
   <div class='ocr_carea' id='block_1_14' title="bbox 245 1091 1169 1124">
    <p class='ocr_par' dir='ltr' id='par_1_14' title="bbox 245 1091 1169 1124">
     <span class='ocr_line' id='line_1_18' title="bbox 245 1091 1169 1124; baseline -0.005 -4"><span class='ocrx_word' id='word_1_111' title='bbox 245 1114 251 1120; x_wconf 90' lang='lat'><em>.</em></span> <span class='ocrx_word' id='word_1_112' title='bbox 275 1094 303 1120; x_wconf 66' lang='lat' dir='ltr'><em>tt</em></span> <span class='ocrx_word' id='word_1_113' title='bbox 322 1095 447 1119; x_wconf 75' lang='lat' dir='ltr'><em>mulieres</em></span> <span class='ocrx_word' id='word_1_114' title='bbox 464 1101 515 1118; x_wconf 85' lang='lat' dir='ltr'><em>nou</em></span> <span class='ocrx_word' id='word_1_115' title='bbox 533 1093 653 1118; x_wconf 66' lang='lat' dir='ltr'><em>habitent</em></span> <span class='ocrx_word' id='word_1_116' title='bbox 670 1100 729 1117; x_wconf 80' lang='lat' dir='ltr'><em>cunt</em></span> <span class='ocrx_word' id='word_1_117' title='bbox 746 1093 799 1117; x_wconf 69' lang='lat' dir='ltr'><em>luis</em></span> <span class='ocrx_word' id='word_1_118' title='bbox 812 1094 860 1124; x_wconf 79' lang='lat' dir='ltr'><em>qui</em></span> <span class='ocrx_word' id='word_1_119' title='bbox 874 1094 937 1116; x_wconf 82' lang='lat' dir='ltr'><em>sunt</em></span> <span class='ocrx_word' id='word_1_120' title='bbox 951 1093 979 1116; x_wconf 82' lang='lat' dir='ltr'><em>in</em></span> <span class='ocrx_word' id='word_1_121' title='bbox 991 1093 1077 1115; x_wconf 80' lang='lat' dir='ltr'><em>sacris</em></span> <span class='ocrx_word' id='word_1_122' title='bbox 1093 1091 1169 1116; x_wconf 73' lang='lat' dir='ltr'><em>nrtli-</em></span> 
     </span>
    </p>
   </div>
   <div class='ocr_carea' id='block_1_15' title="bbox 210 1139 1176 2444">
    <p class='ocr_par' dir='ltr' id='par_1_15' title="bbox 313 1139 1126 1172">
     <span class='ocr_line' id='line_1_19' title="bbox 313 1139 1126 1172; baseline -0.004 -5"><span class='ocrx_word' id='word_1_123' title='bbox 313 1143 392 1167; x_wconf 79' lang='lat' dir='ltr'><em>nibus</em></span> <span class='ocrx_word' id='word_1_124' title='bbox 408 1143 559 1167; x_wconf 79' lang='lat' dir='ltr'><em>constituti.</em></span> <span class='ocrx_word' id='word_1_125' title='bbox 577 1155 609 1160; x_wconf 93' lang='lat'>—</span> <span class='ocrx_word' id='word_1_126' title='bbox 626 1141 728 1166; x_wconf 75' lang='lat' dir='ltr'><em>Clerici</em></span> <span class='ocrx_word' id='word_1_127' title='bbox 746 1141 772 1165; x_wconf 92' lang='lat' dir='ltr'><em>in</em></span> <span class='ocrx_word' id='word_1_128' title='bbox 789 1140 879 1165; x_wconf 84' lang='lat' dir='ltr'><em>sacris</em></span> <span class='ocrx_word' id='word_1_129' title='bbox 896 1139 1045 1165; x_wconf 75' lang='lat' dir='ltr'>ordinibus</span> <span class='ocrx_word' id='word_1_130' title='bbox 1061 1139 1126 1172; x_wconf 85' lang='lat'>(11).</span> 
     </span>
    </p>

    <p class='ocr_par' dir='ltr' id='par_1_16' title="bbox 210 1190 1168 1318">
     <span class='ocr_line' id='line_1_20' title="bbox 210 1190 1167 1223; baseline -0.005 -6"><span class='ocrx_word' id='word_1_131' title='bbox 210 1192 252 1218; x_wconf 79' lang='lat'><em>10.</em></span> <span class='ocrx_word' id='word_1_132' title='bbox 275 1191 303 1217; x_wconf 77' lang='lat' dir='ltr'><em>L&#39;t</em></span> <span class='ocrx_word' id='word_1_133' title='bbox 320 1191 522 1223; x_wconf 69' lang='lat' dir='ltr'><em>archiepiscopi,</em></span> <span class='ocrx_word' id='word_1_134' title='bbox 540 1191 654 1222; x_wconf 70' lang='lat' dir='ltr'><em>episcopi</em></span> <span class='ocrx_word' id='word_1_135' title='bbox 677 1192 697 1214; x_wconf 75' lang='lat' dir='ltr'><em>et</em></span> <span class='ocrx_word' id='word_1_136' title='bbox 719 1190 770 1214; x_wconf 84' lang='lat' dir='ltr'><em>alii</em></span> <span class='ocrx_word' id='word_1_137' title='bbox 789 1190 838 1221; x_wconf 78' lang='lat' dir='ltr'><em>qui</em></span> <span class='ocrx_word' id='word_1_138' title='bbox 855 1190 968 1220; x_wconf 82' lang='lat' dir='ltr'><em>presunt</em></span> <span class='ocrx_word' id='word_1_139' title='bbox 985 1195 1039 1213; x_wconf 85' lang='lat' dir='ltr'><em>non</em></span> <span class='ocrx_word' id='word_1_140' title='bbox 1054 1190 1167 1220; x_wconf 69' lang='lat' dir='ltr'><em>gyrarent</em></span> 
     </span>
     <span class='ocr_line' id='line_1_21' title="bbox 314 1236 1168 1271; baseline -0.004 -7"><span class='ocrx_word' id='word_1_141' title='bbox 314 1247 374 1265; x_wconf 78' lang='lat' dir='ltr'><em>suos</em></span> <span class='ocrx_word' id='word_1_142' title='bbox 396 1239 514 1264; x_wconf 73' lang='lat' dir='ltr'><em>subditos</em></span> <span class='ocrx_word' id='word_1_143' title='bbox 538 1240 566 1264; x_wconf 84' lang='lat' dir='ltr'><em>in</em></span> <span class='ocrx_word' id='word_1_144' title='bbox 589 1240 645 1263; x_wconf 78' lang='lat' dir='ltr'><em>suis</em></span> <span class='ocrx_word' id='word_1_145' title='bbox 664 1238 914 1271; x_wconf 75' lang='lat' dir='ltr'><em>procurationibus.</em></span> <span class='ocrx_word' id='word_1_146' title='bbox 939 1250 972 1256; x_wconf 88' lang='lat'>—</span> <span class='ocrx_word' id='word_1_147' title='bbox 994 1236 1064 1262; x_wconf 86' lang='lat' dir='ltr'><em>Cum</em></span> <span class='ocrx_word' id='word_1_148' title='bbox 1083 1244 1168 1268; x_wconf 78' lang='lat' dir='ltr'><em>apos·</em></span> 
     </span>
     <span class='ocr_line' id='line_1_22' title="bbox 314 1287 630 1318; baseline -0.006 -5"><span class='ocrx_word' id='word_1_149' title='bbox 314 1289 390 1313; x_wconf 80' lang='lat' dir='ltr'><em>tolus</em></span> <span class='ocrx_word' id='word_1_150' title='bbox 404 1296 434 1313; x_wconf 77' lang='lat' dir='ltr'><em>se</em></span> <span class='ocrx_word' id='word_1_151' title='bbox 450 1295 482 1312; x_wconf 81' lang='lat' dir='ltr'><em>ac</em></span> <span class='ocrx_word' id='word_1_152' title='bbox 498 1295 567 1312; x_wconf 82' lang='lat' dir='ltr'><em>suos</em></span> <span class='ocrx_word' id='word_1_153' title='bbox 583 1287 630 1318; x_wconf 64' lang='lat' dir='ltr'><em>(st).</em></span> 
     </span>
    </p>

    <p class='ocr_par' dir='ltr' id='par_1_17' title="bbox 212 1333 1169 1417">
     <span class='ocr_line' id='line_1_23' title="bbox 212 1333 1169 1369; baseline -0.004 -6"><span class='ocrx_word' id='word_1_154' title='bbox 212 1338 252 1363; x_wconf 85' lang='grc'><em>11.</em></span> <span class='ocrx_word' id='word_1_155' title='bbox 277 1338 307 1363; x_wconf 58' lang='grc' dir='ltr'><em>[ἰν</em></span> <span class='ocrx_word' id='word_1_156' title='bbox 325 1337 381 1362; x_wconf 67' lang='lat' dir='ltr'><em>iltis</em></span> <span class='ocrx_word' id='word_1_157' title='bbox 397 1345 443 1369; x_wconf 77' lang='lat' dir='ltr'><em>qut</em></span> <span class='ocrx_word' id='word_1_158' title='bbox 460 1337 584 1361; x_wconf 77' lang='lat' dir='ltr'><em>ordinati</em></span> <span class='ocrx_word' id='word_1_159' title='bbox 598 1339 662 1360; x_wconf 80' lang='lat' dir='ltr'><em>sunt</em></span> <span class='ocrx_word' id='word_1_160' title='bbox 679 1344 694 1360; x_wconf 87' lang='lat' dir='ltr'><em>a</em></span> <span class='ocrx_word' id='word_1_161' title='bbox 710 1336 879 1360; x_wconf 77' lang='lat' dir='ltr'><em>scismaticis.</em></span> <span class='ocrx_word' id='word_1_162' title='bbox 895 1349 926 1352; x_wconf 91' lang='lat'><em>—-</em></span> <span class='ocrx_word' id='word_1_163' title='bbox 941 1334 1021 1366; x_wconf 81' lang='lat' dir='ltr'><em>Quod</em></span> <span class='ocrx_word' id='word_1_164' title='bbox 1038 1344 1052 1359; x_wconf 82' lang='lat' dir='ltr'><em>a</em></span> <span class='ocrx_word' id='word_1_165' title='bbox 1070 1333 1169 1368; x_wconf 79' lang='lat' dir='ltr'><em>prede-</em></span> 
     </span>
     <span class='ocr_line' id='line_1_24' title="bbox 314 1386 605 1417; baseline -0.003 -6"><span class='ocrx_word' id='word_1_166' title='bbox 314 1394 429 1412; x_wconf 67' lang='lat' dir='ltr'><em>cessore</em></span> <span class='ocrx_word' id='word_1_167' title='bbox 448 1390 544 1411; x_wconf 77' lang='lat' dir='ltr'><em>nostro</em></span> <span class='ocrx_word' id='word_1_168' title='bbox 559 1386 605 1417; x_wconf 64' lang='grc' dir='ltr'>(ζ’),</span> 
     </span>
    </p>

    <p class='ocr_par' dir='ltr' id='par_1_18' title="bbox 211 1432 1168 1516">
     <span class='ocr_line' id='line_1_25' title="bbox 211 1432 1168 1467; baseline -0.003 -6"><span class='ocrx_word' id='word_1_169' title='bbox 211 1436 251 1461; x_wconf 72' lang='grc'><em>12.</em></span> <span class='ocrx_word' id='word_1_170' title='bbox 275 1436 307 1461; x_wconf 71' lang='lat' dir='ltr'><em>De</em></span> <span class='ocrx_word' id='word_1_171' title='bbox 323 1434 519 1467; x_wconf 73' lang='lat' dir='ltr'><em>fundatoribus</em></span> <span class='ocrx_word' id='word_1_172' title='bbox 535 1434 720 1459; x_wconf 79' lang='lat' dir='ltr'><em>ecclesiarum.</em></span> <span class='ocrx_word' id='word_1_173' title='bbox 738 1447 771 1452; x_wconf 91' lang='lat'>-</span> <span class='ocrx_word' id='word_1_174' title='bbox 791 1432 930 1464; x_wconf 75' lang='lat' dir='ltr'>Quoniam</span> <span class='ocrx_word' id='word_1_175' title='bbox 948 1432 976 1458; x_wconf 91' lang='lat' dir='ltr'><em>in</em></span> <span class='ocrx_word' id='word_1_176' title='bbox 996 1432 1168 1466; x_wconf 82' lang='lat' dir='ltr'><em>quibusdam</em></span> 
     </span>
     <span class='ocr_line' id='line_1_26' title="bbox 316 1484 468 1516; baseline 0 -7"><span class='ocrx_word' id='word_1_177' title='bbox 316 1484 386 1509; x_wconf 81' lang='lat' dir='ltr'><em>locis</em></span> <span class='ocrx_word' id='word_1_178' title='bbox 403 1484 468 1516; x_wconf 85' lang='lat'>(17).</span> 
     </span>
    </p>

    <p class='ocr_par' dir='ltr' id='par_1_19' title="bbox 211 1531 1170 1614">
     <span class='ocr_line' id='line_1_27' title="bbox 211 1531 1170 1564; baseline -0.003 -5"><span class='ocrx_word' id='word_1_179' title='bbox 211 1532 252 1559; x_wconf 89' lang='lat'><em>13.</em></span> <span class='ocrx_word' id='word_1_180' title='bbox 276 1533 339 1559; x_wconf 79' lang='lat' dir='ltr'><em>Sine</em></span> <span class='ocrx_word' id='word_1_181' title='bbox 354 1533 446 1564; x_wconf 76' lang='lat' dir='ltr'><em>aliquo</em></span> <span class='ocrx_word' id='word_1_182' title='bbox 461 1535 548 1564; x_wconf 75' lang='lat' dir='ltr'><em>prelio</em></span> <span class='ocrx_word' id='word_1_183' title='bbox 564 1531 691 1556; x_wconf 76' lang='lat' dir='ltr'><em>monachi</em></span> <span class='ocrx_word' id='word_1_184' title='bbox 708 1532 879 1563; x_wconf 71' lang='lat' dir='ltr'><em>recipiantur</em></span> <span class='ocrx_word' id='word_1_185' title='bbox 895 1532 923 1556; x_wconf 85' lang='lat' dir='ltr'><em>in</em></span> <span class='ocrx_word' id='word_1_186' title='bbox 942 1532 1118 1557; x_wconf 66' lang='lat' dir='ltr'><em>monasteria.</em></span> <span class='ocrx_word' id='word_1_187' title='bbox 1135 1544 1170 1550; x_wconf 92' lang='lat'>—</span> 
     </span>
     <span class='ocr_line' id='line_1_28' title="bbox 317 1579 895 1614; baseline 0 -9"><span class='ocrx_word' id='word_1_188' title='bbox 317 1580 445 1606; x_wconf 77' lang='lat' dir='ltr'><em>Monachi</em></span> <span class='ocrx_word' id='word_1_189' title='bbox 465 1588 518 1605; x_wconf 89' lang='lat' dir='ltr'><em>uon</em></span> <span class='ocrx_word' id='word_1_190' title='bbox 537 1579 627 1614; x_wconf 83' lang='lat' dir='ltr'><em>pretio</em></span> <span class='ocrx_word' id='word_1_191' title='bbox 644 1579 815 1613; x_wconf 74' lang='lat' dir='ltr'><em>recipiantur</em></span> <span class='ocrx_word' id='word_1_192' title='bbox 830 1579 895 1611; x_wconf 84' lang='lat'>(10).</span> 
     </span>
    </p>

    <p class='ocr_par' dir='ltr' id='par_1_20' title="bbox 214 1628 1170 1709">
     <span class='ocr_line' id='line_1_29' title="bbox 214 1628 1170 1662; baseline -0.001 -7"><span class='ocrx_word' id='word_1_193' title='bbox 214 1630 255 1656; x_wconf 84' lang='lat'><em>14.</em></span> <span class='ocrx_word' id='word_1_194' title='bbox 278 1630 330 1662; x_wconf 79' lang='lat' dir='ltr'><em>Qui</em></span> <span class='ocrx_word' id='word_1_195' title='bbox 350 1629 511 1655; x_wconf 77' lang='lat' dir='ltr'><em>Sarracenis</em></span> <span class='ocrx_word' id='word_1_196' title='bbox 533 1636 612 1653; x_wconf 79' lang='lat' dir='ltr'><em>arma</em></span> <span class='ocrx_word' id='word_1_197' title='bbox 629 1631 651 1653; x_wconf 70' lang='lat' dir='ltr'><em>et</em></span> <span class='ocrx_word' id='word_1_198' title='bbox 668 1629 825 1660; x_wconf 72' lang='lat' dir='ltr'><em>liynainina</em></span> <span class='ocrx_word' id='word_1_199' title='bbox 840 1628 975 1660; x_wconf 75' lang='lat' dir='ltr'><em>(leserunt.</em></span> <span class='ocrx_word' id='word_1_200' title='bbox 992 1643 1023 1646; x_wconf 86' lang='lat'><em>—-</em></span> <span class='ocrx_word' id='word_1_201' title='bbox 1041 1628 1082 1654; x_wconf 87' lang='lat' dir='ltr'><em>Ita</em></span> <span class='ocrx_word' id='word_1_202' title='bbox 1098 1636 1170 1662; x_wconf 90' lang='lat' dir='ltr'><em>quo-</em></span> 
     </span>
     <span class='ocr_line' id='line_1_30' title="bbox 317 1677 652 1709; baseline 0 -6"><span class='ocrx_word' id='word_1_203' title='bbox 317 1677 444 1703; x_wconf 82' lang='lat' dir='ltr'><em>rumdam</em></span> <span class='ocrx_word' id='word_1_204' title='bbox 462 1678 571 1703; x_wconf 76' lang='lat' dir='ltr'><em>animos</em></span> <span class='ocrx_word' id='word_1_205' title='bbox 587 1677 652 1709; x_wconf 63' lang='lat'>(24).</span> 
     </span>
    </p>

    <p class='ocr_par' dir='ltr' id='par_1_21' title="bbox 212 1727 1170 1806">
     <span class='ocr_line' id='line_1_31' title="bbox 212 1727 1170 1759; baseline -0.002 -6"><span class='ocrx_word' id='word_1_206' title='bbox 212 1728 252 1754; x_wconf 72' lang='lat'><em>¹5.</em></span> <span class='ocrx_word' id='word_1_207' title='bbox 276 1728 307 1753; x_wconf 70' lang='lat' dir='ltr'><em>lte</em></span> <span class='ocrx_word' id='word_1_208' title='bbox 334 1727 386 1752; x_wconf 82' lang='lat' dir='ltr'><em>hiis</em></span> <span class='ocrx_word' id='word_1_209' title='bbox 413 1728 462 1759; x_wconf 67' lang='grc' dir='ltr'><em>«μα’</em></span> <span class='ocrx_word' id='word_1_210' title='bbox 487 1727 638 1758; x_wconf 75' lang='lat' dir='ltr'><em>impediunt</em></span> <span class='ocrx_word' id='word_1_211' title='bbox 665 1727 867 1752; x_wconf 72' lang='lat' dir='ltr'><em>ordinationem</em></span> <span class='ocrx_word' id='word_1_212' title='bbox 893 1727 1108 1752; x_wconf 79' lang='lat' dir='ltr'><em>ecclesiasticam.</em></span> <span class='ocrx_word' id='word_1_213' title='bbox 1138 1742 1170 1746; x_wconf 91' lang='lat'>—</span> 
     </span>
     <span class='ocr_line' id='line_1_32' title="bbox 315 1775 787 1806; baseline 0 -6"><span class='ocrx_word' id='word_1_214' title='bbox 315 1776 384 1801; x_wconf 83' lang='lat' dir='ltr'><em>Cum</em></span> <span class='ocrx_word' id='word_1_215' title='bbox 402 1776 427 1801; x_wconf 86' lang='lat' dir='ltr'><em>in</em></span> <span class='ocrx_word' id='word_1_216' title='bbox 445 1775 558 1801; x_wconf 83' lang='lat' dir='ltr'><em>cunctis</em></span> <span class='ocrx_word' id='word_1_217' title='bbox 573 1775 706 1800; x_wconf 80' lang='lat' dir='ltr'><em>ecclesiis</em></span> <span class='ocrx_word' id='word_1_218' title='bbox 722 1775 787 1806; x_wconf 83' lang='grc'>(16),</span> 
     </span>
    </p>

    <p class='ocr_par' dir='ltr' id='par_1_22' title="bbox 212 1824 1172 1904">
     <span class='ocr_line' id='line_1_33' title="bbox 212 1824 1172 1857; baseline -0.002 -6"><span class='ocrx_word' id='word_1_219' title='bbox 212 1825 253 1851; x_wconf 86' lang='grc'><em>16.</em></span> <span class='ocrx_word' id='word_1_220' title='bbox 277 1824 305 1850; x_wconf 77' lang='grc'><em>[1</em></span> <span class='ocrx_word' id='word_1_221' title='bbox 323 1826 352 1849; x_wconf 81' lang='lat' dir='ltr'><em>iu</em></span> <span class='ocrx_word' id='word_1_222' title='bbox 368 1832 531 1857; x_wconf 76' lang='lat' dir='ltr'><em>unaquaque</em></span> <span class='ocrx_word' id='word_1_223' title='bbox 544 1824 650 1849; x_wconf 72' lang='lat' dir='ltr'><em>ecclesia</em></span> <span class='ocrx_word' id='word_1_224' title='bbox 664 1824 816 1849; x_wconf 71' lang='lat' dir='ltr'><em>cathedrali</em></span> <span class='ocrx_word' id='word_1_225' title='bbox 827 1825 860 1848; x_wconf 77' lang='lat' dir='ltr'><em>sit</em></span> <span class='ocrx_word' id='word_1_226' title='bbox 875 1826 1002 1855; x_wconf 58' lang='lat' dir='ltr'><em>invyzstcr</em></span> <span class='ocrx_word' id='word_1_227' title='bbox 1017 1825 1066 1857; x_wconf 82' lang='lat' dir='ltr'><em>qui</em></span> <span class='ocrx_word' id='word_1_228' title='bbox 1080 1824 1172 1849; x_wconf 71' lang='lat' dir='ltr'><em>(luceat</em></span> 
     </span>
     <span class='ocr_line' id='line_1_34' title="bbox 316 1871 892 1904; baseline -0.002 -6"><span class='ocrx_word' id='word_1_229' title='bbox 316 1875 395 1899; x_wconf 80' lang='lat' dir='ltr'><em>alios,</em></span> <span class='ocrx_word' id='word_1_230' title='bbox 409 1886 444 1892; x_wconf 94' lang='lat'>—</span> <span class='ocrx_word' id='word_1_231' title='bbox 459 1873 598 1904; x_wconf 70' lang='lat' dir='ltr'><em>Quoniam</em></span> <span class='ocrx_word' id='word_1_232' title='bbox 615 1871 744 1898; x_wconf 78' lang='lat' dir='ltr'><em>Ecclesia</em></span> <span class='ocrx_word' id='word_1_233' title='bbox 762 1872 812 1897; x_wconf 81' lang='lat' dir='ltr'><em>Dei</em></span> <span class='ocrx_word' id='word_1_234' title='bbox 828 1873 892 1904; x_wconf 61' lang='lat' dir='ltr'><em>(ts).</em></span> 
     </span>
    </p>

    <p class='ocr_par' dir='ltr' id='par_1_23' title="bbox 213 1920 920 1955">
     <span class='ocr_line' id='line_1_35' title="bbox 213 1920 920 1955; baseline 0 -7"><span class='ocrx_word' id='word_1_235' title='bbox 213 1923 254 1948; x_wconf 80' lang='lat'><em>17.</em></span> <span class='ocrx_word' id='word_1_236' title='bbox 276 1923 310 1949; x_wconf 79' lang='lat' dir='ltr'><em>De</em></span> <span class='ocrx_word' id='word_1_237' title='bbox 328 1923 447 1955; x_wconf 79' lang='lat' dir='ltr'><em>leprosis.</em></span> <span class='ocrx_word' id='word_1_238' title='bbox 465 1936 497 1939; x_wconf 82' lang='lat'><em>——</em></span> <span class='ocrx_word' id='word_1_239' title='bbox 513 1920 582 1947; x_wconf 88' lang='lat' dir='ltr'><em>Cum</em></span> <span class='ocrx_word' id='word_1_240' title='bbox 599 1921 674 1947; x_wconf 79' lang='lat' dir='ltr'><em>dicat</em></span> <span class='ocrx_word' id='word_1_241' title='bbox 689 1922 837 1955; x_wconf 86' lang='lat' dir='ltr'><em>apostolus</em></span> <span class='ocrx_word' id='word_1_242' title='bbox 854 1921 920 1954; x_wconf 66' lang='lat'>(⁶23).</span> 
     </span>
    </p>

    <p class='ocr_par' dir='ltr' id='par_1_24' title="bbox 213 1970 1172 2051">
     <span class='ocr_line' id='line_1_36' title="bbox 213 1970 1172 2003; baseline 0 -7"><span class='ocrx_word' id='word_1_243' title='bbox 213 1971 255 1996; x_wconf 79' lang='grc'><em>18.</em></span> <span class='ocrx_word' id='word_1_244' title='bbox 279 1971 309 1997; x_wconf 70' lang='lat' dir='ltr'><em>L⁷t</em></span> <span class='ocrx_word' id='word_1_245' title='bbox 326 1971 413 1996; x_wconf 84' lang='lat' dir='ltr'><em>Iudeis</em></span> <span class='ocrx_word' id='word_1_246' title='bbox 425 1973 478 1996; x_wconf 74' lang='lat' dir='ltr'><em>stoc</em></span> <span class='ocrx_word' id='word_1_247' title='bbox 491 1971 650 1996; x_wconf 79' lang='lat' dir='ltr'><em>Sarracenis</em></span> <span class='ocrx_word' id='word_1_248' title='bbox 667 1971 805 2002; x_wconf 80' lang='lat' dir='ltr'><em>mancipia</em></span> <span class='ocrx_word' id='word_1_249' title='bbox 821 1970 977 1996; x_wconf 80' lang='lat' dir='ltr'><em>christiana</em></span> <span class='ocrx_word' id='word_1_250' title='bbox 993 1978 1046 1996; x_wconf 85' lang='lat' dir='ltr'><em>non</em></span> <span class='ocrx_word' id='word_1_251' title='bbox 1061 1971 1172 2003; x_wconf 73' lang='lat' dir='ltr'><em>permit-</em></span> 
     </span>
     <span class='ocr_line' id='line_1_37' title="bbox 318 2018 1006 2051; baseline 0 -7"><span class='ocrx_word' id='word_1_252' title='bbox 318 2022 414 2045; x_wconf 82' lang='lat' dir='ltr'><em>tantur</em></span> <span class='ocrx_word' id='word_1_253' title='bbox 430 2019 535 2044; x_wconf 79' lang='lat' dir='ltr'><em>habere.</em></span> <span class='ocrx_word' id='word_1_254' title='bbox 553 2033 584 2037; x_wconf 80' lang='lat'><em>—-</em></span> <span class='ocrx_word' id='word_1_255' title='bbox 603 2018 681 2044; x_wconf 84' lang='lat' dir='ltr'><em>Iudei</em></span> <span class='ocrx_word' id='word_1_256' title='bbox 698 2018 757 2044; x_wconf 79' lang='lat' dir='ltr'><em>sive</em></span> <span class='ocrx_word' id='word_1_257' title='bbox 775 2018 922 2044; x_wconf 83' lang='lat' dir='ltr'><em>Sarraceni</em></span> <span class='ocrx_word' id='word_1_258' title='bbox 940 2019 1006 2051; x_wconf 67' lang='lat'>(26).</span> 
     </span>
    </p>

    <p class='ocr_par' dir='ltr' id='par_1_25' title="bbox 215 2066 1173 2149">
     <span class='ocr_line' id='line_1_38' title="bbox 215 2066 1173 2100; baseline -0.001 -5"><span class='ocrx_word' id='word_1_259' title='bbox 215 2069 256 2095; x_wconf 77' lang='lat'><em>19.</em></span> <span class='ocrx_word' id='word_1_260' title='bbox 279 2068 380 2100; x_wconf 80' lang='lat' dir='ltr'><em>Quibus</em></span> <span class='ocrx_word' id='word_1_261' title='bbox 396 2069 485 2093; x_wconf 66' lang='lat' dir='ltr'><em>causis</em></span> <span class='ocrx_word' id='word_1_262' title='bbox 505 2068 598 2093; x_wconf 76' lang='lat' dir='ltr'><em>clerici</em></span> <span class='ocrx_word' id='word_1_263' title='bbox 611 2070 725 2100; x_wconf 77' lang='lat' dir='ltr'><em>possunt</em></span> <span class='ocrx_word' id='word_1_264' title='bbox 745 2075 797 2093; x_wconf 71' lang='lat' dir='ltr'><em>esse</em></span> <span class='ocrx_word' id='word_1_265' title='bbox 817 2067 951 2093; x_wconf 79' lang='lat' dir='ltr'><em>advocati.</em></span> <span class='ocrx_word' id='word_1_266' title='bbox 972 2083 1003 2086; x_wconf 97' lang='lat'><strong>—</strong></span> <span class='ocrx_word' id='word_1_267' title='bbox 1027 2066 1128 2094; x_wconf 77' lang='lat' dir='ltr'><em>Clerici</em></span> <span class='ocrx_word' id='word_1_268' title='bbox 1145 2067 1173 2094; x_wconf 90' lang='lat' dir='ltr'><em>in</em></span> 
     </span>
     <span class='ocr_line' id='line_1_39' title="bbox 317 2116 604 2149; baseline -0.007 -6"><span class='ocrx_word' id='word_1_269' title='bbox 317 2116 523 2143; x_wconf 75' lang='lat' dir='ltr'><em>subdiaconatu</em></span> <span class='ocrx_word' id='word_1_270' title='bbox 540 2116 604 2149; x_wconf 66' lang='lat'>(1⁵2).</span> 
     </span>
    </p>

    <p class='ocr_par' dir='ltr' id='par_1_26' title="bbox 212 2165 1175 2295">
     <span class='ocr_line' id='line_1_40' title="bbox 212 2165 1173 2200; baseline -0.001 -8"><span class='ocrx_word' id='word_1_271' title='bbox 212 2166 254 2192; x_wconf 69' lang='lat'><em>20.</em></span> <span class='ocrx_word' id='word_1_272' title='bbox 278 2166 309 2191; x_wconf 78' lang='lat' dir='ltr'><em>Dc</em></span> <span class='ocrx_word' id='word_1_273' title='bbox 326 2166 518 2199; x_wconf 76' lang='lat' dir='ltr'><em>Hospitalariis</em></span> <span class='ocrx_word' id='word_1_274' title='bbox 532 2168 554 2190; x_wconf 84' lang='lat' dir='ltr'><em>et</em></span> <span class='ocrx_word' id='word_1_275' title='bbox 572 2166 709 2197; x_wconf 78' lang='lat' dir='ltr'><em>fratribus</em></span> <span class='ocrx_word' id='word_1_276' title='bbox 724 2165 825 2198; x_wconf 82' lang='lat' dir='ltr'><em>Templi</em></span> <span class='ocrx_word' id='word_1_277' title='bbox 840 2166 911 2198; x_wconf 72' lang='lat' dir='ltr'><em>qnod</em></span> <span class='ocrx_word' id='word_1_278' title='bbox 927 2173 978 2191; x_wconf 84' lang='lat' dir='ltr'><em>non</em></span> <span class='ocrx_word' id='word_1_279' title='bbox 997 2167 1074 2191; x_wconf 83' lang='lat' dir='ltr'><em>ultra</em></span> <span class='ocrx_word' id='word_1_280' title='bbox 1090 2174 1173 2200; x_wconf 80' lang='lat' dir='ltr'><em>quam</em></span> 
     </span>
     <span class='ocr_line' id='line_1_41' title="bbox 317 2212 1175 2249; baseline 0.001 -10"><span class='ocrx_word' id='word_1_281' title='bbox 317 2222 468 2239; x_wconf 74' lang='lat' dir='ltr'><em>concessum</em></span> <span class='ocrx_word' id='word_1_282' title='bbox 484 2217 518 2239; x_wconf 80' lang='lat' dir='ltr'><em>est</em></span> <span class='ocrx_word' id='word_1_283' title='bbox 535 2215 572 2239; x_wconf 84' lang='lat' dir='ltr'><em>eis</em></span> <span class='ocrx_word' id='word_1_284' title='bbox 585 2216 757 2246; x_wconf 71' lang='lat' dir='ltr'><em>presumant.</em></span> <span class='ocrx_word' id='word_1_285' title='bbox 781 2228 814 2233; x_wconf 97' lang='lat'><strong>—</strong></span> <span class='ocrx_word' id='word_1_286' title='bbox 836 2212 908 2239; x_wconf 88' lang='lat' dir='ltr'><em>Cum</em></span> <span class='ocrx_word' id='word_1_287' title='bbox 930 2218 957 2240; x_wconf 83' lang='lat' dir='ltr'><em>et</em></span> <span class='ocrx_word' id='word_1_288' title='bbox 978 2214 1104 2249; x_wconf 79' lang='lat' dir='ltr'><em>plantare</em></span> <span class='ocrx_word' id='word_1_289' title='bbox 1126 2222 1175 2240; x_wconf 90' lang='lat' dir='ltr'><em>sa-</em></span> 
     </span>
     <span class='ocr_line' id='line_1_42' title="bbox 319 2262 641 2295; baseline 0.003 -7"><span class='ocrx_word' id='word_1_290' title='bbox 319 2271 394 2288; x_wconf 89' lang='lat' dir='ltr'><em>cram</em></span> <span class='ocrx_word' id='word_1_291' title='bbox 412 2262 576 2295; x_wconf 68' lang='lat' dir='ltr'><em>religionem</em></span> <span class='ocrx_word' id='word_1_292' title='bbox 594 2263 641 2295; x_wconf 78' lang='grc'>(9).</span> 
     </span>
    </p>

    <p class='ocr_par' dir='ltr' id='par_1_27' title="bbox 216 2310 1174 2394">
     <span class='ocr_line' id='line_1_43' title="bbox 216 2310 1174 2344; baseline 0.003 -7"><span class='ocrx_word' id='word_1_293' title='bbox 216 2310 260 2338; x_wconf 68' lang='lat'><em>21.</em></span> <span class='ocrx_word' id='word_1_294' title='bbox 280 2312 312 2337; x_wconf 78' lang='lat' dir='ltr'><em>De</em></span> <span class='ocrx_word' id='word_1_295' title='bbox 330 2313 386 2337; x_wconf 84' lang='lat' dir='ltr'><em>illis</em></span> <span class='ocrx_word' id='word_1_296' title='bbox 401 2313 450 2344; x_wconf 79' lang='lat' dir='ltr'><em>qui</em></span> <span class='ocrx_word' id='word_1_297' title='bbox 465 2313 537 2337; x_wconf 81' lang='lat' dir='ltr'><em>inter</em></span> <span class='ocrx_word' id='word_1_298' title='bbox 552 2320 577 2336; x_wconf 77' lang='lat' dir='ltr'><em>se</em></span> <span class='ocrx_word' id='word_1_299' title='bbox 592 2319 623 2337; x_wconf 70' lang='lat' dir='ltr'><em>ew</em></span> <span class='ocrx_word' id='word_1_300' title='bbox 642 2311 760 2337; x_wconf 79' lang='lat' dir='ltr'><em>condicto</em></span> <span class='ocrx_word' id='word_1_301' title='bbox 778 2316 913 2344; x_wconf 74' lang='lat' dir='ltr'><em>puynant.</em></span> <span class='ocrx_word' id='word_1_302' title='bbox 938 2327 970 2331; x_wconf 92' lang='lat'>—</span> <span class='ocrx_word' id='word_1_303' title='bbox 991 2312 1094 2339; x_wconf 86' lang='lat' dir='ltr'><em>Felicis</em></span> <span class='ocrx_word' id='word_1_304' title='bbox 1115 2322 1174 2340; x_wconf 88' lang='lat' dir='ltr'><em>me-</em></span> 
     </span>
     <span class='ocr_line' id='line_1_44' title="bbox 320 2359 751 2394; baseline 0.002 -9"><span class='ocrx_word' id='word_1_305' title='bbox 320 2361 409 2385; x_wconf 93' lang='lat' dir='ltr'><em>morie</em></span> <span class='ocrx_word' id='word_1_306' title='bbox 427 2368 496 2393; x_wconf 78' lang='lat' dir='ltr'><em>pape</em></span> <span class='ocrx_word' id='word_1_307' title='bbox 512 2359 672 2386; x_wconf 87' lang='lat' dir='ltr'><em>Innocentii</em></span> <span class='ocrx_word' id='word_1_308' title='bbox 688 2360 751 2394; x_wconf 71' lang='lat'>(⁶20).</span> 
     </span>
    </p>

    <p class='ocr_par' dir='ltr' id='par_1_28' title="bbox 214 2408 1176 2444">
     <span class='ocr_line' id='line_1_45' title="bbox 214 2408 1176 2444; baseline 0.003 -10"><span class='ocrx_word' id='word_1_309' title='bbox 214 2408 258 2434; x_wconf 61' lang='lat'><em>522.</em></span> <span class='ocrx_word' id='word_1_310' title='bbox 281 2408 353 2439; x_wconf 77' lang='lat' dir='ltr'><em>Quod</em></span> <span class='ocrx_word' id='word_1_311' title='bbox 374 2416 427 2433; x_wconf 81' lang='lat' dir='ltr'><em>non</em></span> <span class='ocrx_word' id='word_1_312' title='bbox 448 2409 608 2441; x_wconf 75' lang='lat' dir='ltr'><em>preficiatur</em></span> <span class='ocrx_word' id='word_1_313' title='bbox 627 2410 730 2441; x_wconf 77' lang='lat' dir='ltr'><em>aliquis</em></span> <span class='ocrx_word' id='word_1_314' title='bbox 750 2410 780 2435; x_wconf 83' lang='lat' dir='ltr'><em>in</em></span> <span class='ocrx_word' id='word_1_315' title='bbox 800 2410 906 2435; x_wconf 84' lang='lat' dir='ltr'><em>duabus</em></span> <span class='ocrx_word' id='word_1_316' title='bbox 922 2411 1038 2436; x_wconf 79' lang='lat' dir='ltr'><em>ecclesiis</em></span> <span class='ocrx_word' id='word_1_317' title='bbox 1056 2411 1094 2437; x_wconf 80' lang='lat' dir='ltr'><em>vel</em></span> <span class='ocrx_word' id='word_1_318' title='bbox 1109 2412 1176 2444; x_wconf 80' lang='lat' dir='ltr'><em>ptu-</em></span> 
     </span>
    </p>
   </div>
   <div class='ocr_carea' id='block_1_16' title="bbox 319 2456 1078 2538">
    <p class='ocr_par' dir='ltr' id='par_1_29' title="bbox 319 2456 1078 2538">
     <span class='ocr_line' id='line_1_46' title="bbox 319 2456 1078 2492; baseline 0.005 -11"><span class='ocrx_word' id='word_1_319' title='bbox 319 2457 406 2482; x_wconf 65' lang='lat' dir='ltr'><em>ribus.</em></span> <span class='ocrx_word' id='word_1_320' title='bbox 429 2470 461 2476; x_wconf 93' lang='lat'><em>—</em></span> <span class='ocrx_word' id='word_1_321' title='bbox 487 2456 560 2488; x_wconf 77' lang='lat' dir='ltr'><em>Quia</em></span> <span class='ocrx_word' id='word_1_322' title='bbox 585 2457 613 2482; x_wconf 92' lang='lat' dir='ltr'><em>in</em></span> <span class='ocrx_word' id='word_1_323' title='bbox 640 2462 747 2483; x_wconf 84' lang='lat' dir='ltr'><em>tantum</em></span> <span class='ocrx_word' id='word_1_324' title='bbox 773 2457 828 2483; x_wconf 86' lang='lat' dir='ltr'><em>iam</em></span> <span class='ocrx_word' id='word_1_325' title='bbox 854 2458 1078 2492; x_wconf 67' lang='lat' dir='ltr'><em>quorumdam,..</em></span> 
     </span>
     <span class='ocr_line' id='line_1_47' title="bbox 322 2505 488 2538; baseline 0 -8"><span class='ocrx_word' id='word_1_326' title='bbox 322 2505 406 2531; x_wconf 86' lang='lat' dir='ltr'><em>levari</em></span> <span class='ocrx_word' id='word_1_327' title='bbox 423 2505 488 2538; x_wconf 80' lang='lat'>(14).</span> 
     </span>
    </p>
   </div>
   <div class='ocr_carea' id='block_1_17' title="bbox 1103 2459 1175 2486">
    <p class='ocr_par' dir='ltr' id='par_1_30' title="bbox 1103 2459 1175 2486">
     <span class='ocr_line' id='line_1_48' title="bbox 1103 2459 1175 2486; baseline 0 -1"><span class='ocrx_word' id='word_1_328' title='bbox 1103 2459 1175 2486; x_wconf 88' lang='lat' dir='ltr'><em>sub-</em></span> 
     </span>
    </p>
   </div>
   <div class='ocr_carea' id='block_1_18' title="bbox 254 2554 1174 2588">
    <p class='ocr_par' dir='ltr' id='par_1_31' title="bbox 254 2554 1174 2588">
     <span class='ocr_line' id='line_1_49' title="bbox 254 2554 1174 2588; baseline 0.005 -9"><span class='ocrx_word' id='word_1_329' title='bbox 254 2573 259 2579; x_wconf 96' lang='lat'>.</span> <span class='ocrx_word' id='word_1_330' title='bbox 282 2555 314 2580; x_wconf 81' lang='lat' dir='ltr'><em>De</em></span> <span class='ocrx_word' id='word_1_331' title='bbox 331 2554 415 2587; x_wconf 78' lang='lat' dir='ltr'><em>laycis</em></span> <span class='ocrx_word' id='word_1_332' title='bbox 430 2555 478 2587; x_wconf 87' lang='lat' dir='ltr'><em>qui</em></span> <span class='ocrx_word' id='word_1_333' title='bbox 492 2555 662 2580; x_wconf 78' lang='lat' dir='ltr'><em>constituunt</em></span> <span class='ocrx_word' id='word_1_334' title='bbox 682 2556 791 2580; x_wconf 79' lang='lat' dir='ltr'><em>clericos</em></span> <span class='ocrx_word' id='word_1_335' title='bbox 811 2557 840 2581; x_wconf 84' lang='lat' dir='ltr'><em>in</em></span> <span class='ocrx_word' id='word_1_336' title='bbox 855 2557 980 2582; x_wconf 78' lang='lat' dir='ltr'><em>ecclesiis.</em></span> <span class='ocrx_word' id='word_1_337' title='bbox 1002 2571 1034 2575; x_wconf 90' lang='lat'>—</span> <span class='ocrx_word' id='word_1_338' title='bbox 1057 2556 1130 2588; x_wconf 83' lang='lat' dir='ltr'><em>Quia</em></span> <span class='ocrx_word' id='word_1_339' title='bbox 1146 2558 1174 2584; x_wconf 85' lang='lat' dir='ltr'><em>in</em></span> 
     </span>
    </p>
   </div>
   <div class='ocr_carea' id='block_1_19' title="bbox 322 2602 967 2637">
    <p class='ocr_par' dir='ltr' id='par_1_32' title="bbox 322 2602 967 2637">
     <span class='ocr_line' id='line_1_50' title="bbox 322 2602 967 2637; baseline 0.006 -10"><span class='ocrx_word' id='word_1_340' title='bbox 322 2605 430 2627; x_wconf 82' lang='lat' dir='ltr'><em>tantum</em></span> <span class='ocrx_word' id='word_1_341' title='bbox 446 2602 633 2635; x_wconf 87' lang='lat' dir='ltr'><em>quorumdam</em></span> <span class='ocrx_word' id='word_1_342' title='bbox 650 2603 793 2637; x_wconf 82' lang='lat' dir='ltr'><em>laycorum</em></span> <span class='ocrx_word' id='word_1_343' title='bbox 810 2604 853 2636; x_wconf 83' lang='lat'><em>(14</em></span> <span class='ocrx_word' id='word_1_344' title='bbox 871 2603 967 2637; x_wconf 87' lang='lat' dir='ltr'><em>suite).</em></span> 
     </span>
    </p>
   </div>
   <div class='ocr_carea' id='block_1_20' title="bbox 255 2651 1173 2686">
    <p class='ocr_par' dir='ltr' id='par_1_33' title="bbox 255 2651 1173 2686">
     <span class='ocr_line' id='line_1_51' title="bbox 255 2651 1173 2686; baseline 0.005 -11"><span class='ocrx_word' id='word_1_345' title='bbox 255 2671 260 2676; x_wconf 87' lang='lat'>.</span> <span class='ocrx_word' id='word_1_346' title='bbox 283 2651 315 2676; x_wconf 84' lang='lat' dir='ltr'><em>De</em></span> <span class='ocrx_word' id='word_1_347' title='bbox 333 2651 416 2683; x_wconf 71' lang='lat' dir='ltr'><em>laycis</em></span> <span class='ocrx_word' id='word_1_348' title='bbox 431 2652 479 2683; x_wconf 77' lang='lat' dir='ltr'><em>qui</em></span> <span class='ocrx_word' id='word_1_349' title='bbox 498 2651 618 2677; x_wconf 75' lang='lat' dir='ltr'><em>ecclesias</em></span> <span class='ocrx_word' id='word_1_350' title='bbox 642 2652 687 2677; x_wconf 83' lang='lat' dir='ltr'><em>Dei</em></span> <span class='ocrx_word' id='word_1_351' title='bbox 707 2651 864 2686; x_wconf 79' lang='lat' dir='ltr'><em>frequenter</em></span> <span class='ocrx_word' id='word_1_352' title='bbox 885 2653 1029 2679; x_wconf 79' lang='lat' dir='ltr'><em>honeribus</em></span> <span class='ocrx_word' id='word_1_353' title='bbox 1044 2658 1173 2686; x_wconf 72' lang='lat' dir='ltr'><em>qravant.</em></span> 
     </span>
    </p>
   </div>
   <div class='ocr_carea' id='block_1_21' title="bbox 324 2697 945 2734">
    <p class='ocr_par' dir='ltr' id='par_1_34' title="bbox 324 2697 945 2734">
     <span class='ocr_line' id='line_1_52' title="bbox 324 2697 945 2734; baseline 0.005 -10"><span class='ocrx_word' id='word_1_354' title='bbox 324 2713 353 2717; x_wconf 97' lang='lat'>—</span> <span class='ocrx_word' id='word_1_355' title='bbox 371 2697 435 2724; x_wconf 88' lang='lat' dir='ltr'><em>Non</em></span> <span class='ocrx_word' id='word_1_356' title='bbox 450 2698 545 2725; x_wconf 87' lang='lat' dir='ltr'><em>minus</em></span> <span class='ocrx_word' id='word_1_357' title='bbox 563 2708 612 2733; x_wconf 87' lang='lat' dir='ltr'><em>pro</em></span> <span class='ocrx_word' id='word_1_358' title='bbox 629 2704 745 2734; x_wconf 84' lang='lat' dir='ltr'><em>peccato</em></span> <span class='ocrx_word' id='word_1_359' title='bbox 762 2708 861 2727; x_wconf 89' lang='lat' dir='ltr'><em>eorum</em></span> <span class='ocrx_word' id='word_1_360' title='bbox 878 2701 945 2734; x_wconf 78' lang='lat'>(19).</span> 
     </span>
    </p>
   </div>
   <div class='ocr_carea' id='block_1_22' title="bbox 255 2747 1176 2785">
    <p class='ocr_par' dir='ltr' id='par_1_35' title="bbox 255 2747 1176 2785">
     <span class='ocr_line' id='line_1_53' title="bbox 255 2747 1176 2785; baseline 0.005 -12"><span class='ocrx_word' id='word_1_361' title='bbox 255 2767 261 2773; x_wconf 85' lang='lat'><strong><em>.</em></strong></span> <span class='ocrx_word' id='word_1_362' title='bbox 283 2747 383 2778; x_wconf 85' lang='lat' dir='ltr'><em>Quibus</em></span> <span class='ocrx_word' id='word_1_363' title='bbox 404 2748 565 2781; x_wconf 78' lang='lat' dir='ltr'><em>temporibus</em></span> <span class='ocrx_word' id='word_1_364' title='bbox 584 2748 737 2774; x_wconf 73' lang='lat' dir='ltr'><em>observetur</em></span> <span class='ocrx_word' id='word_1_365' title='bbox 753 2751 879 2782; x_wconf 73' lang='lat' dir='ltr'><em>treuyua.</em></span> <span class='ocrx_word' id='word_1_366' title='bbox 896 2765 928 2769; x_wconf 91' lang='lat'>—</span> <span class='ocrx_word' id='word_1_367' title='bbox 944 2749 1106 2785; x_wconf 75' lang='lat' dir='ltr'><em>Treuguam</em></span> <span class='ocrx_word' id='word_1_368' title='bbox 1125 2761 1176 2778; x_wconf 80' lang='lat' dir='ltr'><em>au-</em></span> 
     </span>
    </p>
   </div>
   <div class='ocr_carea' id='block_1_23' title="bbox 324 2794 659 2826">
    <p class='ocr_par' dir='ltr' id='par_1_36' title="bbox 324 2794 659 2826">
     <span class='ocr_line' id='line_1_54' title="bbox 324 2794 659 2826; baseline 0.006 -6"><span class='ocrx_word' id='word_1_369' title='bbox 324 2799 379 2820; x_wconf 82' lang='lat' dir='ltr'><em>tem</em></span> <span class='ocrx_word' id='word_1_370' title='bbox 395 2804 410 2820; x_wconf 93' lang='lat' dir='ltr'><em>a</em></span> <span class='ocrx_word' id='word_1_371' title='bbox 426 2794 494 2820; x_wconf 65' lang='grc' dir='ltr'><em>1111ι</em></span> <span class='ocrx_word' id='word_1_372' title='bbox 510 2795 577 2821; x_wconf 82' lang='lat' dir='ltr'><em>seria</em></span> <span class='ocrx_word' id='word_1_373' title='bbox 592 2796 659 2826; x_wconf 63' lang='lat'><em>(³31).</em></span> 
     </span>
    </p>
   </div>
   <div class='ocr_carea' id='block_1_24' title="bbox 186 2959 1179 3035">
    <p class='ocr_par' dir='ltr' id='par_1_37' title="bbox 186 2959 1179 3035">
     <span class='ocr_line' id='line_1_55' title="bbox 224 2959 1179 3003; baseline 0.01 -18"><span class='ocrx_word' id='word_1_374' title='bbox 224 2961 245 2986; x_wconf 92' lang='grc'><em>1.</em></span> <span class='ocrx_word' id='word_1_375' title='bbox 265 2959 300 2985; x_wconf 82' lang='lat' dir='ltr'><em>Le</em></span> <span class='ocrx_word' id='word_1_376' title='bbox 318 2966 391 2986; x_wconf 75' lang='lat' dir='ltr'><em>reste</em></span> <span class='ocrx_word' id='word_1_377' title='bbox 413 2961 446 2986; x_wconf 77' lang='lat' dir='ltr'><em>de</em></span> <span class='ocrx_word' id='word_1_378' title='bbox 467 2968 498 2986; x_wconf 83' lang='lat' dir='ltr'><em>ce</em></span> <span class='ocrx_word' id='word_1_379' title='bbox 521 2969 626 2992; x_wconf 64' lang='lat' dir='ltr'><em>canon,</em></span> <span class='ocrx_word' id='word_1_380' title='bbox 649 2964 675 2988; x_wconf 72' lang='lat' dir='ltr'><em>Si</em></span> <span class='ocrx_word' id='word_1_381' title='bbox 699 2967 790 2989; x_wconf 80' lang='lat' dir='ltr'><em>autem</em></span> <span class='ocrx_word' id='word_1_382' title='bbox 809 2966 955 2997; x_wconf 69' lang='lat' dir='ltr'><em>episcopus,</em></span> <span class='ocrx_word' id='word_1_383' title='bbox 974 2971 1034 2997; x_wconf 67' lang='lat' dir='ltr'><em>etc..</em></span> <span class='ocrx_word' id='word_1_384' title='bbox 1057 2976 1179 3003; x_wconf 86' lang='lat' dir='ltr'><em>mauque</em></span> 
     </span>
     <span class='ocr_line' id='line_1_56' title="bbox 186 3008 481 3035; baseline 0.003 -1"><span class='ocrx_word' id='word_1_385' title='bbox 186 3008 257 3035; x_wconf 88' lang='lat' dir='ltr'><em>dans</em></span> <span class='ocrx_word' id='word_1_386' title='bbox 273 3009 296 3034; x_wconf 87' lang='lat' dir='ltr'><em>le</em></span> <span class='ocrx_word' id='word_1_387' title='bbox 316 3010 481 3035; x_wconf 67' lang='lat' dir='ltr'><em>manuscrit.</em></span> 
     </span>
    </p>
   </div>
   <div class='ocr_carea' id='block_1_25' title="bbox 1282 408 2247 685">
    <p class='ocr_par' dir='ltr' id='par_1_38' title="bbox 1282 408 2244 492">
     <span class='ocr_line' id='line_1_57' title="bbox 1282 408 2244 442; baseline 0.004 -9"><span class='ocrx_word' id='word_1_388' title='bbox 1282 408 1326 434; x_wconf 69' lang='lat'><em>26.</em></span> <span class='ocrx_word' id='word_1_389' title='bbox 1350 409 1382 433; x_wconf 75' lang='lat' dir='ltr'><em>De</em></span> <span class='ocrx_word' id='word_1_390' title='bbox 1402 409 1506 433; x_wconf 72' lang='lat' dir='ltr'><em>clericis</em></span> <span class='ocrx_word' id='word_1_391' title='bbox 1521 410 1569 441; x_wconf 83' lang='lat' dir='ltr'><em>qui</em></span> <span class='ocrx_word' id='word_1_392' title='bbox 1584 413 1789 442; x_wconf 78' lang='lat' dir='ltr'><em>consequuntur</em></span> <span class='ocrx_word' id='word_1_393' title='bbox 1804 410 1872 435; x_wconf 84' lang='lat' dir='ltr'><em>bona</em></span> <span class='ocrx_word' id='word_1_394' title='bbox 1889 410 2002 436; x_wconf 80' lang='lat' dir='ltr'><em>Ecclese&#39;e</em></span> <span class='ocrx_word' id='word_1_395' title='bbox 2016 414 2047 436; x_wconf 84' lang='lat' dir='ltr'><em>ut</em></span> <span class='ocrx_word' id='word_1_396' title='bbox 2057 411 2092 436; x_wconf 83' lang='lat' dir='ltr'><em>ad</em></span> <span class='ocrx_word' id='word_1_397' title='bbox 2108 412 2175 437; x_wconf 80' lang='lat' dir='ltr'><em>altos</em></span> <span class='ocrx_word' id='word_1_398' title='bbox 2191 418 2244 438; x_wconf 86' lang='lat' dir='ltr'><em>non</em></span> 
     </span>
     <span class='ocr_line' id='line_1_58' title="bbox 1389 457 2092 492; baseline 0.006 -11"><span class='ocrx_word' id='word_1_399' title='bbox 1389 457 1570 488; x_wconf 82' lang='lat' dir='ltr'><em>transferant.</em></span> <span class='ocrx_word' id='word_1_400' title='bbox 1590 472 1621 475; x_wconf 97' lang='lat'><strong>—</strong></span> <span class='ocrx_word' id='word_1_401' title='bbox 1636 457 1707 483; x_wconf 82' lang='lat' dir='ltr'><em>Cum</em></span> <span class='ocrx_word' id='word_1_402' title='bbox 1726 458 1752 483; x_wconf 91' lang='lat' dir='ltr'><em>in</em></span> <span class='ocrx_word' id='word_1_403' title='bbox 1770 458 1869 484; x_wconf 75' lang='lat' dir='ltr'><em>officiis</em></span> <span class='ocrx_word' id='word_1_404' title='bbox 1886 458 2012 485; x_wconf 85' lang='lat' dir='ltr'><em>caritatis</em></span> <span class='ocrx_word' id='word_1_405' title='bbox 2029 459 2092 492; x_wconf 77' lang='grc'>(15).</span> 
     </span>
    </p>

    <p class='ocr_par' dir='ltr' id='par_1_39' title="bbox 1282 505 2247 589">
     <span class='ocr_line' id='line_1_59' title="bbox 1282 505 2247 540; baseline 0.003 -8"><span class='ocrx_word' id='word_1_406' title='bbox 1282 505 1324 532; x_wconf 65' lang='lat'><em>27.</em></span> <span class='ocrx_word' id='word_1_407' title='bbox 1347 507 1382 532; x_wconf 70' lang='lat' dir='ltr'><em>Dc</em></span> <span class='ocrx_word' id='word_1_408' title='bbox 1399 514 1462 539; x_wconf 78' lang='lat' dir='ltr'><em>pace</em></span> <span class='ocrx_word' id='word_1_409' title='bbox 1481 514 1531 539; x_wconf 83' lang='lat' dir='ltr'><em>que</em></span> <span class='ocrx_word' id='word_1_410' title='bbox 1551 507 1606 532; x_wconf 85' lang='lat' dir='ltr'><em>alio</em></span> <span class='ocrx_word' id='word_1_411' title='bbox 1623 508 1731 533; x_wconf 74' lang='lat' dir='ltr'><em>nomine</em></span> <span class='ocrx_word' id='word_1_412' title='bbox 1746 507 1850 532; x_wconf 82' lang='lat' dir='ltr'><em>dicitur</em></span> <span class='ocrx_word' id='word_1_413' title='bbox 1867 510 1983 540; x_wconf 72' lang='lat' dir='ltr'><em>treuqua</em></span> <span class='ocrx_word' id='word_1_414' title='bbox 1998 509 2055 534; x_wconf 85' lang='lat' dir='ltr'><em>Dei.</em></span> <span class='ocrx_word' id='word_1_415' title='bbox 2073 523 2105 528; x_wconf 90' lang='lat'><em>--</em></span> <span class='ocrx_word' id='word_1_416' title='bbox 2121 508 2247 535; x_wconf 89' lang='lat' dir='ltr'><em>Innova-</em></span> 
     </span>
     <span class='ocr_line' id='line_1_60' title="bbox 1389 556 1858 589; baseline 0.004 -9"><span class='ocrx_word' id='word_1_417' title='bbox 1389 562 1453 580; x_wconf 89' lang='lat' dir='ltr'><em>mus</em></span> <span class='ocrx_word' id='word_1_418' title='bbox 1468 558 1562 581; x_wconf 78' lang='lat' dir='ltr'><em>autem</em></span> <span class='ocrx_word' id='word_1_419' title='bbox 1579 559 1610 581; x_wconf 87' lang='lat' dir='ltr'><em>ut</em></span> <span class='ocrx_word' id='word_1_420' title='bbox 1626 556 1778 589; x_wconf 73' lang='lat' dir='ltr'><em>presbiteri</em></span> <span class='ocrx_word' id='word_1_421' title='bbox 1792 556 1858 589; x_wconf 65' lang='lat'>(22).</span> 
     </span>
    </p>

    <p class='ocr_par' dir='ltr' id='par_1_40' title="bbox 1283 603 2247 685">
     <span class='ocr_line' id='line_1_61' title="bbox 1283 603 2247 638; baseline 0.004 -9"><span class='ocrx_word' id='word_1_422' title='bbox 1283 603 1326 629; x_wconf 66' lang='grc' dir='ltr'><em>ξ28.</em></span> <span class='ocrx_word' id='word_1_423' title='bbox 1350 604 1381 629; x_wconf 83' lang='lat' dir='ltr'><em>De</em></span> <span class='ocrx_word' id='word_1_424' title='bbox 1398 604 1455 629; x_wconf 81' lang='lat' dir='ltr'><em>illis</em></span> <span class='ocrx_word' id='word_1_425' title='bbox 1471 605 1520 636; x_wconf 80' lang='lat' dir='ltr'><em>qui</em></span> <span class='ocrx_word' id='word_1_426' title='bbox 1533 604 1661 636; x_wconf 79' lang='lat' dir='ltr'><em>pluribus</em></span> <span class='ocrx_word' id='word_1_427' title='bbox 1676 605 1792 630; x_wconf 79' lang='lat' dir='ltr'><em>ecclesiis</em></span> <span class='ocrx_word' id='word_1_428' title='bbox 1808 606 1901 631; x_wconf 80' lang='lat' dir='ltr'><em>volunt</em></span> <span class='ocrx_word' id='word_1_429' title='bbox 1915 613 2027 638; x_wconf 76' lang='lat' dir='ltr'><em>preesse.</em></span> <span class='ocrx_word' id='word_1_430' title='bbox 2042 621 2074 624; x_wconf 97' lang='lat'><strong>—</strong></span> <span class='ocrx_word' id='word_1_431' title='bbox 2088 606 2160 638; x_wconf 78' lang='lat' dir='ltr'><em>Quia</em></span> <span class='ocrx_word' id='word_1_432' title='bbox 2176 615 2247 633; x_wconf 91' lang='lat' dir='ltr'><em>non-</em></span> 
     </span>
     <span class='ocr_line' id='line_1_62' title="bbox 1390 652 1804 685; baseline 0.002 -8"><span class='ocrx_word' id='word_1_433' title='bbox 1390 652 1459 678; x_wconf 90' lang='lat' dir='ltr'><em>nulli</em></span> <span class='ocrx_word' id='word_1_434' title='bbox 1477 652 1591 678; x_wconf 92' lang='lat' dir='ltr'><em>modum</em></span> <span class='ocrx_word' id='word_1_435' title='bbox 1608 653 1725 678; x_wconf 82' lang='lat' dir='ltr'><em>avaritie</em></span> <span class='ocrx_word' id='word_1_436' title='bbox 1739 654 1804 685; x_wconf 83' lang='lat'>(13).</span> 
     </span>
    </p>
   </div>
   <div class='ocr_carea' id='block_1_26' title="bbox 1248 764 1889 807">
    <p class='ocr_par' dir='ltr' id='par_1_41' title="bbox 1248 764 1889 807">
     <span class='ocr_line' id='line_1_63' title="bbox 1248 764 1889 807; baseline 0.002 -11"><span class='ocrx_word' id='word_1_437' title='bbox 1248 767 1276 804; x_wconf 88' lang='lat' dir='ltr'><em>c)</em></span> <span class='ocrx_word' id='word_1_438' title='bbox 1298 768 1343 795; x_wconf 83' lang='lat' dir='ltr'><em>Vie</em></span> <span class='ocrx_word' id='word_1_439' title='bbox 1358 768 1392 795; x_wconf 79' lang='lat' dir='ltr'><em>dc</em></span> <span class='ocrx_word' id='word_1_440' title='bbox 1408 767 1546 803; x_wconf 75' lang='lat' dir='ltr'><em>Gre&#39;yoire</em></span> <span class='ocrx_word' id='word_1_441' title='bbox 1559 767 1644 805; x_wconf 75' lang='lat' dir='ltr'><em>1.t&#39;(t&#39;.</em></span> <span class='ocrx_word' id='word_1_442' title='bbox 1665 768 1699 796; x_wconf 79' lang='lat'><em>‘27</em></span> <span class='ocrx_word' id='word_1_443' title='bbox 1727 768 1797 797; x_wconf 79' lang='lat'><strong>·‘384</strong></span> <span class='ocrx_word' id='word_1_444' title='bbox 1814 764 1856 807; x_wconf 74' lang='lat' dir='ltr'><strong>v&#39;0)</strong></span> <span class='ocrx_word' id='word_1_445' title='bbox 1868 769 1889 797; x_wconf 89' lang='lat'><em>¹.</em></span> 
     </span>
    </p>
   </div>
   <div class='ocr_carea' id='block_1_27' title="bbox 1289 833 2258 2298">
    <p class='ocr_par' dir='ltr' id='par_1_42' title="bbox 1289 833 2251 1349">
     <span class='ocr_line' id='line_1_64' title="bbox 1331 833 2249 872; baseline 0.004 -11"><span class='ocrx_word' id='word_1_446' title='bbox 1331 834 1356 863; x_wconf 91' lang='grc'><em>1.</em></span> <span class='ocrx_word' id='word_1_447' title='bbox 1380 851 1418 854; x_wconf 91' lang='grc'>-</span> <span class='ocrx_word' id='word_1_448' title='bbox 1439 833 1679 862; x_wconf 76' lang='lat' dir='ltr'><em>Vener-abilium</em></span> <span class='ocrx_word' id='word_1_449' title='bbox 1704 839 1790 872; x_wconf 83' lang='lat' dir='ltr'><em>gesta</em></span> <span class='ocrx_word' id='word_1_450' title='bbox 1809 835 1995 872; x_wconf 81' lang='lat' dir='ltr'><em>pontificum</em></span> <span class='ocrx_word' id='word_1_451' title='bbox 2017 835 2158 865; x_wconf 78' lang='lat' dir='ltr'><em>archivis</em></span> <span class='ocrx_word' id='word_1_452' title='bbox 2175 839 2249 865; x_wconf 84' lang='lat' dir='ltr'><em>sunt</em></span> 
     </span>
     <span class='ocr_line' id='line_1_65' title="bbox 1289 885 2248 924; baseline 0.003 -11"><span class='ocrx_word' id='word_1_453' title='bbox 1289 885 1472 913; x_wconf 76' lang='lat' dir='ltr'><em>mandanda</em></span> <span class='ocrx_word' id='word_1_454' title='bbox 1496 885 1643 914; x_wconf 77' lang='lat' dir='ltr'><em>fidelibus</em></span> <span class='ocrx_word' id='word_1_455' title='bbox 1667 890 1699 914; x_wconf 93' lang='lat' dir='ltr'><em>ut</em></span> <span class='ocrx_word' id='word_1_456' title='bbox 1719 895 1755 914; x_wconf 92' lang='lat' dir='ltr'><em>ea</em></span> <span class='ocrx_word' id='word_1_457' title='bbox 1775 885 1894 923; x_wconf 85' lang='lat' dir='ltr'><em>digesta</em></span> <span class='ocrx_word' id='word_1_458' title='bbox 1915 896 1968 924; x_wconf 80' lang='lat' dir='ltr'><em>per</em></span> <span class='ocrx_word' id='word_1_459' title='bbox 1987 886 2134 915; x_wconf 84' lang='lat' dir='ltr'><em>ordinem</em></span> <span class='ocrx_word' id='word_1_460' title='bbox 2152 886 2248 916; x_wconf 86' lang='lat' dir='ltr'><em>lecto-</em></span> 
     </span>
     <span class='ocr_line' id='line_1_66' title="bbox 1289 938 2249 977; baseline 0.003 -11"><span class='ocrx_word' id='word_1_461' title='bbox 1289 946 1359 966; x_wconf 85' lang='lat' dir='ltr'><em>rum</em></span> <span class='ocrx_word' id='word_1_462' title='bbox 1381 938 1486 966; x_wconf 84' lang='lat' dir='ltr'><em>studia</em></span> <span class='ocrx_word' id='word_1_463' title='bbox 1508 938 1539 966; x_wconf 89' lang='lat' dir='ltr'><em>in</em></span> <span class='ocrx_word' id='word_1_464' title='bbox 1566 942 1635 967; x_wconf 75' lang='lat' dir='ltr'><em>vota</em></span> <span class='ocrx_word' id='word_1_465' title='bbox 1659 940 1834 975; x_wconf 84' lang='lat' dir='ltr'><em>gratiarum</em></span> <span class='ocrx_word' id='word_1_466' title='bbox 1852 944 2028 974; x_wconf 73' lang='lat' dir='ltr'><em>exerceant,</em></span> <span class='ocrx_word' id='word_1_467' title='bbox 2046 944 2075 969; x_wconf 88' lang='lat' dir='ltr'><em>et</em></span> <span class='ocrx_word' id='word_1_468' title='bbox 2093 939 2194 977; x_wconf 83' lang='lat' dir='ltr'><em>capiat</em></span> <span class='ocrx_word' id='word_1_469' title='bbox 2210 939 2249 969; x_wconf 85' lang='lat' dir='ltr'><em>de</em></span> 
     </span>
     <span class='ocr_line' id='line_1_67' title="bbox 1291 991 2249 1029; baseline 0.002 -10"><span class='ocrx_word' id='word_1_470' title='bbox 1291 991 1432 1028; x_wconf 84' lang='lat' dir='ltr'><em>priorum</em></span> <span class='ocrx_word' id='word_1_471' title='bbox 1467 991 1608 1020; x_wconf 81' lang='lat' dir='ltr'><em>moribus</em></span> <span class='ocrx_word' id='word_1_472' title='bbox 1638 995 1786 1020; x_wconf 84' lang='lat' dir='ltr'><em>secutura</em></span> <span class='ocrx_word' id='word_1_473' title='bbox 1814 992 1981 1029; x_wconf 81' lang='lat' dir='ltr'><em>poste1itas</em></span> <span class='ocrx_word' id='word_1_474' title='bbox 2012 993 2073 1022; x_wconf 83' lang='lat' dir='ltr'><em>vite</em></span> <span class='ocrx_word' id='word_1_475' title='bbox 2100 992 2249 1022; x_wconf 77' lang='lat' dir='ltr'><em>felicioris</em></span> 
     </span>
     <span class='ocr_line' id='line_1_68' title="bbox 1289 1043 2249 1082; baseline 0.002 -10"><span class='ocrx_word' id='word_1_476' title='bbox 1289 1043 1480 1081; x_wconf 74' lang='lat' dir='ltr'><em>exemplum.</em></span> <span class='ocrx_word' id='word_1_477' title='bbox 1503 1045 1589 1073; x_wconf 79' lang='lat' dir='ltr'><em>Inter</em></span> <span class='ocrx_word' id='word_1_478' title='bbox 1605 1052 1656 1072; x_wconf 82' lang='lat' dir='ltr'><em>eos</em></span> <span class='ocrx_word' id='word_1_479' title='bbox 1671 1043 1777 1082; x_wconf 84' lang='lat' dir='ltr'><em>itaque</em></span> <span class='ocrx_word' id='word_1_480' title='bbox 1792 1052 1871 1082; x_wconf 80' lang='lat' dir='ltr'><em>quos</em></span> <span class='ocrx_word' id='word_1_481' title='bbox 1887 1044 1924 1072; x_wconf 83' lang='lat' dir='ltr'><em>ad</em></span> <span class='ocrx_word' id='word_1_482' title='bbox 1938 1045 2056 1073; x_wconf 86' lang='lat' dir='ltr'><em>summi</em></span> <span class='ocrx_word' id='word_1_483' title='bbox 2072 1044 2249 1082; x_wconf 78' lang='lat' dir='ltr'><em>presulatus</em></span> 
     </span>
     <span class='ocr_line' id='line_1_69' title="bbox 1290 1097 2250 1136; baseline 0.003 -11"><span class='ocrx_word' id='word_1_484' title='bbox 1290 1102 1408 1126; x_wconf 79' lang='lat' dir='ltr'><em>erectos</em></span> <span class='ocrx_word' id='word_1_485' title='bbox 1430 1097 1590 1134; x_wconf 74' lang='lat' dir='ltr'><em>fastigium</em></span> <span class='ocrx_word' id='word_1_486' title='bbox 1612 1097 1710 1126; x_wconf 81' lang='lat' dir='ltr'><em>series</em></span> <span class='ocrx_word' id='word_1_487' title='bbox 1733 1097 1899 1126; x_wconf 86' lang='lat' dir='ltr'><em>recolenda</em></span> <span class='ocrx_word' id='word_1_488' title='bbox 1923 1102 2053 1126; x_wconf 80' lang='lat' dir='ltr'><em>testatur</em></span> <span class='ocrx_word' id='word_1_489' title='bbox 2074 1098 2250 1136; x_wconf 83' lang='lat' dir='ltr'><em>Gregorius</em></span> 
     </span>
     <span class='ocr_line' id='line_1_70' title="bbox 1291 1149 2250 1188; baseline 0.002 -10"><span class='ocrx_word' id='word_1_490' title='bbox 1291 1158 1395 1179; x_wconf 88' lang='grc'>0011115</span> <span class='ocrx_word' id='word_1_491' title='bbox 1421 1158 1499 1188; x_wconf 85' lang='lat' dir='ltr'><em>papa</em></span> <span class='ocrx_word' id='word_1_492' title='bbox 1524 1149 1616 1178; x_wconf 79' lang='lat' dir='ltr'><em>velud</em></span> <span class='ocrx_word' id='word_1_493' title='bbox 1644 1149 1747 1186; x_wconf 80' lang='lat' dir='ltr'><em>fulgor</em></span> <span class='ocrx_word' id='word_1_494' title='bbox 1773 1150 1972 1179; x_wconf 83' lang='lat' dir='ltr'><em>meridianus</em></span> <span class='ocrx_word' id='word_1_495' title='bbox 1998 1151 2169 1188; x_wconf 73' lang='lat' dir='ltr'><em>egreditur,</em></span> <span class='ocrx_word' id='word_1_496' title='bbox 2197 1160 2250 1180; x_wconf 87' lang='lat' dir='ltr'><em>ve-</em></span> 
     </span>
     <span class='ocr_line' id='line_1_71' title="bbox 1292 1203 2251 1242; baseline 0.001 -11"><span class='ocrx_word' id='word_1_497' title='bbox 1292 1207 1371 1233; x_wconf 81' lang='lat' dir='ltr'><em>teres</em></span> <span class='ocrx_word' id='word_1_498' title='bbox 1392 1204 1542 1232; x_wconf 87' lang='lat' dir='ltr'><em>vitiornm</em></span> <span class='ocrx_word' id='word_1_499' title='bbox 1561 1203 1716 1239; x_wconf 76' lang='lat' dir='ltr'><em>caligines</em></span> <span class='ocrx_word' id='word_1_500' title='bbox 1735 1203 1833 1232; x_wconf 87' lang='lat' dir='ltr'><em>seculi</em></span> <span class='ocrx_word' id='word_1_501' title='bbox 1853 1203 1979 1232; x_wconf 80' lang='lat' dir='ltr'><em>climata</em></span> <span class='ocrx_word' id='word_1_502' title='bbox 1997 1204 2167 1241; x_wconf 73' lang='lat' dir='ltr'><em>quinimmo</em></span> <span class='ocrx_word' id='word_1_503' title='bbox 2183 1204 2251 1242; x_wconf 87' lang='lat' dir='ltr'><em>ipsa</em></span> 
     </span>
     <span class='ocr_line' id='line_1_72' title="bbox 1292 1256 2251 1295; baseline 0.001 -9"><span class='ocrx_word' id='word_1_504' title='bbox 1292 1256 1430 1286; x_wconf 88' lang='lat' dir='ltr'><em>Ecclesie</em></span> <span class='ocrx_word' id='word_1_505' title='bbox 1460 1256 1634 1285; x_wconf 81' lang='lat' dir='ltr'><em>luminaria</em></span> <span class='ocrx_word' id='word_1_506' title='bbox 1664 1256 1865 1286; x_wconf 78' lang='lat' dir='ltr'><em>obfuscantes</em></span> <span class='ocrx_word' id='word_1_507' title='bbox 1896 1266 1976 1286; x_wconf 86' lang='lat' dir='ltr'><em>nova</em></span> <span class='ocrx_word' id='word_1_508' title='bbox 2007 1256 2150 1287; x_wconf 84' lang='lat' dir='ltr'><em>claritate</em></span> <span class='ocrx_word' id='word_1_509' title='bbox 2181 1265 2251 1295; x_wconf 87' lang='lat' dir='ltr'><em>pro-</em></span> 
     </span>
     <span class='ocr_line' id='line_1_73' title="bbox 1290 1310 1433 1349; baseline 0.014 -10"><span class='ocrx_word' id='word_1_510' title='bbox 1290 1310 1433 1349; x_wconf 84' lang='lat' dir='ltr'><em>pulsans.</em></span> 
     </span>
    </p>

    <p class='ocr_par' dir='ltr' id='par_1_43' title="bbox 1290 1363 2256 2199">
     <span class='ocr_line' id='line_1_74' title="bbox 1331 1363 2250 1402; baseline 0.001 -10"><span class='ocrx_word' id='word_1_511' title='bbox 1331 1364 1358 1392; x_wconf 73' lang='grc'><em>2.</em></span> <span class='ocrx_word' id='word_1_512' title='bbox 1385 1381 1422 1385; x_wconf 91' lang='grc'>-</span> <span class='ocrx_word' id='word_1_513' title='bbox 1447 1364 1506 1393; x_wconf 86' lang='lat' dir='ltr'><em>Hic</em></span> <span class='ocrx_word' id='word_1_514' title='bbox 1531 1364 1617 1393; x_wconf 89' lang='lat' dir='ltr'><em>enim</em></span> <span class='ocrx_word' id='word_1_515' title='bbox 1645 1365 1772 1393; x_wconf 86' lang='lat' dir='ltr'><em>natione</em></span> <span class='ocrx_word' id='word_1_516' title='bbox 1797 1363 1996 1402; x_wconf 76' lang='lat' dir='ltr'><em>Campanus,</em></span> <span class='ocrx_word' id='word_1_517' title='bbox 2018 1364 2056 1393; x_wconf 88' lang='lat' dir='ltr'><em>de</em></span> <span class='ocrx_word' id='word_1_518' title='bbox 2085 1364 2250 1402; x_wconf 83' lang='lat' dir='ltr'><em>Anagnia,</em></span> 
     </span>
     <span class='ocr_line' id='line_1_75' title="bbox 1291 1417 2252 1458; baseline 0 -12"><span class='ocrx_word' id='word_1_519' title='bbox 1291 1417 1443 1458; x_wconf 80' lang='lat' dir='ltr'><em>nobiliori</em></span> <span class='ocrx_word' id='word_1_520' title='bbox 1459 1417 1601 1455; x_wconf 79' lang='lat' dir='ltr'><em>ejusdem</em></span> <span class='ocrx_word' id='word_1_521' title='bbox 1621 1417 1782 1455; x_wconf 79' lang='lat' dir='ltr'><em>provincie</em></span> <span class='ocrx_word' id='word_1_522' title='bbox 1805 1417 1950 1451; x_wconf 82' lang='lat' dir='ltr'><em>civitate,</em></span> <span class='ocrx_word' id='word_1_523' title='bbox 1967 1422 2053 1455; x_wconf 86' lang='lat' dir='ltr'><em>patre</em></span> <span class='ocrx_word' id='word_1_524' title='bbox 2072 1417 2110 1446; x_wconf 86' lang='lat' dir='ltr'><em>de</em></span> <span class='ocrx_word' id='word_1_525' title='bbox 2126 1417 2252 1447; x_wconf 90' lang='lat' dir='ltr'><em>comiti-</em></span> 
     </span>
     <span class='ocr_line' id='line_1_76' title="bbox 1290 1470 2251 1508; baseline -0.001 -8"><span class='ocrx_word' id='word_1_526' title='bbox 1290 1470 1350 1500; x_wconf 85' lang='lat' dir='ltr'><em>bus</em></span> <span class='ocrx_word' id='word_1_527' title='bbox 1375 1471 1498 1508; x_wconf 71' lang='lat' dir='ltr'><em>Signie,</em></span> <span class='ocrx_word' id='word_1_528' title='bbox 1527 1470 1628 1500; x_wconf 80' lang='lat' dir='ltr'><em>felicis</em></span> <span class='ocrx_word' id='word_1_529' title='bbox 1653 1471 1807 1500; x_wconf 83' lang='lat' dir='ltr'><em>memorie</em></span> <span class='ocrx_word' id='word_1_530' title='bbox 1829 1471 1996 1500; x_wconf 89' lang='lat' dir='ltr'><em>dominnm</em></span> <span class='ocrx_word' id='word_1_531' title='bbox 2022 1470 2251 1500; x_wconf 86' lang='lat' dir='ltr'><em>Innocentium</em></span> 
     </span>
     <span class='ocr_line' id='line_1_77' title="bbox 1292 1524 2252 1563; baseline 0 -9"><span class='ocrx_word' id='word_1_532' title='bbox 1292 1533 1404 1563; x_wconf 80' lang='lat' dir='ltr'><em>papam</em></span> <span class='ocrx_word' id='word_1_533' title='bbox 1423 1525 1548 1553; x_wconf 86' lang='lat' dir='ltr'><em>tertium</em></span> <span class='ocrx_word' id='word_1_534' title='bbox 1563 1525 1653 1554; x_wconf 87' lang='lat' dir='ltr'><em>tertio</em></span> <span class='ocrx_word' id='word_1_535' title='bbox 1667 1524 1765 1562; x_wconf 85' lang='lat' dir='ltr'><em>gradu</em></span> <span class='ocrx_word' id='word_1_536' title='bbox 1781 1524 2068 1562; x_wconf 76' lang='lat' dir='ltr'><em>consanguinitatis</em></span> <span class='ocrx_word' id='word_1_537' title='bbox 2079 1524 2252 1562; x_wconf 86' lang='lat' dir='ltr'><em>attingens,</em></span> 
     </span>
     <span class='ocr_line' id='line_1_78' title="bbox 1292 1577 2254 1616; baseline 0 -9"><span class='ocrx_word' id='word_1_538' title='bbox 1292 1583 1393 1607; x_wconf 84' lang='lat' dir='ltr'><em>matre</em></span> <span class='ocrx_word' id='word_1_539' title='bbox 1411 1586 1484 1607; x_wconf 87' lang='lat' dir='ltr'><em>vero</em></span> <span class='ocrx_word' id='word_1_540' title='bbox 1501 1577 1538 1607; x_wconf 85' lang='lat' dir='ltr'><em>de</em></span> <span class='ocrx_word' id='word_1_541' title='bbox 1551 1577 1781 1616; x_wconf 86' lang='lat' dir='ltr'><em>potentioribus</em></span> <span class='ocrx_word' id='word_1_542' title='bbox 1798 1577 1983 1614; x_wconf 82' lang='lat' dir='ltr'><em>Anagninis</em></span> <span class='ocrx_word' id='word_1_543' title='bbox 2000 1582 2138 1613; x_wconf 82' lang='lat' dir='ltr'><em>exortus,</em></span> <span class='ocrx_word' id='word_1_544' title='bbox 2154 1577 2254 1607; x_wconf 83' lang='lat' dir='ltr'><em>forma</em></span> 
     </span>
     <span class='ocr_line' id='line_1_79' title="bbox 1292 1630 2254 1669; baseline 0 -9"><span class='ocrx_word' id='word_1_545' title='bbox 1292 1631 1424 1660; x_wconf 87' lang='lat' dir='ltr'><em>decorus</em></span> <span class='ocrx_word' id='word_1_546' title='bbox 1453 1635 1482 1659; x_wconf 85' lang='lat' dir='ltr'><em>et</em></span> <span class='ocrx_word' id='word_1_547' title='bbox 1507 1634 1658 1659; x_wconf 79' lang='lat' dir='ltr'><em>venustus</em></span> <span class='ocrx_word' id='word_1_548' title='bbox 1682 1635 1828 1669; x_wconf 84' lang='lat' dir='ltr'><em>aspectu,</em></span> <span class='ocrx_word' id='word_1_549' title='bbox 1854 1630 2043 1669; x_wconf 86' lang='lat' dir='ltr'><em>perspicacis</em></span> <span class='ocrx_word' id='word_1_550' title='bbox 2070 1630 2193 1668; x_wconf 86' lang='lat' dir='ltr'><em>ingenii</em></span> <span class='ocrx_word' id='word_1_551' title='bbox 2223 1634 2254 1660; x_wconf 83' lang='lat' dir='ltr'><em>et</em></span> 
     </span>
     <span class='ocr_line' id='line_1_80' title="bbox 1292 1683 2255 1722; baseline -0.001 -9"><span class='ocrx_word' id='word_1_552' title='bbox 1292 1684 1397 1713; x_wconf 83' lang='lat' dir='ltr'><em>fidelis</em></span> <span class='ocrx_word' id='word_1_553' title='bbox 1429 1684 1583 1713; x_wconf 77' lang='lat' dir='ltr'><em>memorie</em></span> <span class='ocrx_word' id='word_1_554' title='bbox 1615 1683 1813 1722; x_wconf 85' lang='lat' dir='ltr'><em>prerogativa</em></span> <span class='ocrx_word' id='word_1_555' title='bbox 1842 1683 1979 1719; x_wconf 88' lang='lat' dir='ltr'><em>dotatur,</em></span> <span class='ocrx_word' id='word_1_556' title='bbox 2013 1683 2195 1713; x_wconf 83' lang='lat' dir='ltr'><em>liberalium</em></span> <span class='ocrx_word' id='word_1_557' title='bbox 2225 1687 2255 1712; x_wconf 88' lang='lat' dir='ltr'><em>et</em></span> 
     </span>
     <span class='ocr_line' id='line_1_81' title="bbox 1293 1736 2255 1775; baseline -0.001 -9"><span class='ocrx_word' id='word_1_558' title='bbox 1293 1738 1460 1775; x_wconf 83' lang='lat' dir='ltr'><em>utriusque</em></span> <span class='ocrx_word' id='word_1_559' title='bbox 1486 1737 1566 1775; x_wconf 82' lang='lat' dir='ltr'><em>juris</em></span> <span class='ocrx_word' id='word_1_560' title='bbox 1591 1737 1701 1775; x_wconf 79' lang='lat' dir='ltr'><em>peritia</em></span> <span class='ocrx_word' id='word_1_561' title='bbox 1725 1737 1905 1766; x_wconf 83' lang='lat' dir='ltr'><em>eminenter</em></span> <span class='ocrx_word' id='word_1_562' title='bbox 1925 1736 2116 1772; x_wconf 80' lang='lat' dir='ltr'><em>instructus,</em></span> <span class='ocrx_word' id='word_1_563' title='bbox 2137 1736 2255 1765; x_wconf 90' lang='lat' dir='ltr'><em>fluvius</em></span> 
     </span>
     <span class='ocr_line' id='line_1_82' title="bbox 1294 1789 2256 1829; baseline -0.002 -9"><span class='ocrx_word' id='word_1_564' title='bbox 1294 1790 1476 1829; x_wconf 73' lang='lat' dir='ltr'><em>eloquentie</em></span> <span class='ocrx_word' id='word_1_565' title='bbox 1492 1790 1658 1825; x_wconf 84' lang='lat' dir='ltr'><em>Tulliane,</em></span> <span class='ocrx_word' id='word_1_566' title='bbox 1677 1798 1764 1819; x_wconf 87' lang='lat' dir='ltr'><em>sacre</em></span> <span class='ocrx_word' id='word_1_567' title='bbox 1783 1789 1896 1827; x_wconf 86' lang='lat' dir='ltr'><em>pagine</em></span> <span class='ocrx_word' id='word_1_568' title='bbox 1915 1789 2055 1827; x_wconf 83' lang='lat' dir='ltr'><em>diligens</em></span> <span class='ocrx_word' id='word_1_569' title='bbox 2074 1789 2256 1818; x_wconf 84' lang='lat' dir='ltr'><em>observator</em></span> 
     </span>
     <span class='ocr_line' id='line_1_83' title="bbox 1294 1842 2254 1881; baseline -0.001 -8"><span class='ocrx_word' id='word_1_570' title='bbox 1294 1849 1323 1873; x_wconf 89' lang='lat' dir='ltr'><em>et</em></span> <span class='ocrx_word' id='word_1_571' title='bbox 1341 1845 1460 1878; x_wconf 86' lang='lat' dir='ltr'><em>doctor,</em></span> <span class='ocrx_word' id='word_1_572' title='bbox 1485 1843 1600 1872; x_wconf 78' lang='lat' dir='ltr'><em>zelator</em></span> <span class='ocrx_word' id='word_1_573' title='bbox 1623 1843 1715 1877; x_wconf 68' lang='lat' dir='ltr'><em>fidei,</em></span> <span class='ocrx_word' id='word_1_574' title='bbox 1738 1842 1909 1881; x_wconf 79' lang='lat' dir='ltr'><em>disciplina</em></span> <span class='ocrx_word' id='word_1_575' title='bbox 1933 1842 2075 1877; x_wconf 75' lang='lat' dir='ltr'><em>virtutiS,</em></span> <span class='ocrx_word' id='word_1_576' title='bbox 2100 1842 2254 1872; x_wconf 79' lang='lat' dir='ltr'><em>rectitudo</em></span> 
     </span>
     <span class='ocr_line' id='line_1_84' title="bbox 1290 1895 2256 1936; baseline -0.003 -10"><span class='ocrx_word' id='word_1_577' title='bbox 1290 1897 1423 1936; x_wconf 85' lang='lat' dir='ltr'><em>justitie,</em></span> <span class='ocrx_word' id='word_1_578' title='bbox 1450 1896 1597 1926; x_wconf 76' lang='lat' dir='ltr'><em>solatium</em></span> <span class='ocrx_word' id='word_1_579' title='bbox 1624 1897 1831 1931; x_wconf 71' lang='lat' dir='ltr'><em>miserorum,</em></span> <span class='ocrx_word' id='word_1_580' title='bbox 1859 1895 2025 1932; x_wconf 84' lang='lat' dir='ltr'><em>religionis</em></span> <span class='ocrx_word' id='word_1_581' title='bbox 2050 1895 2205 1933; x_wconf 87' lang='lat' dir='ltr'><em>plantator</em></span> <span class='ocrx_word' id='word_1_582' title='bbox 2226 1898 2256 1924; x_wconf 89' lang='lat' dir='ltr'><em>et</em></span> 
     </span>
     <span class='ocr_line' id='line_1_85' title="bbox 1294 1947 2254 1986; baseline -0.002 -7"><span class='ocrx_word' id='word_1_583' title='bbox 1294 1949 1409 1982; x_wconf 76' lang='lat' dir='ltr'><em>cultor.</em></span> <span class='ocrx_word' id='word_1_584' title='bbox 1427 1949 1578 1979; x_wconf 83' lang='lat' dir='ltr'><em>castitatis</em></span> <span class='ocrx_word' id='word_1_585' title='bbox 1593 1953 1714 1978; x_wconf 81' lang='lat' dir='ltr'><em>amator</em></span> <span class='ocrx_word' id='word_1_586' title='bbox 1730 1953 1759 1978; x_wconf 88' lang='lat' dir='ltr'><em>et</em></span> <span class='ocrx_word' id='word_1_587' title='bbox 1779 1949 1875 1978; x_wconf 85' lang='lat' dir='ltr'><em>totius</em></span> <span class='ocrx_word' id='word_1_588' title='bbox 1892 1948 2067 1978; x_wconf 77' lang='lat' dir='ltr'><em>sanctitatis</em></span> <span class='ocrx_word' id='word_1_589' title='bbox 2083 1947 2254 1986; x_wconf 82' lang='lat' dir='ltr'><em>exemplar,</em></span> 
     </span>
     <span class='ocr_line' id='line_1_86' title="bbox 1295 2000 2255 2041; baseline -0.001 -9"><span class='ocrx_word' id='word_1_590' title='bbox 1295 2002 1333 2032; x_wconf 89' lang='lat' dir='ltr'><em>de</em></span> <span class='ocrx_word' id='word_1_591' title='bbox 1351 2002 1524 2041; x_wconf 78' lang='lat' dir='ltr'><em>capellanie</em></span> <span class='ocrx_word' id='word_1_592' title='bbox 1540 2001 1662 2031; x_wconf 90' lang='lat' dir='ltr'><em>domiui</em></span> <span class='ocrx_word' id='word_1_593' title='bbox 1678 2011 1755 2040; x_wconf 82' lang='lat' dir='ltr'><em>pape</em></span> <span class='ocrx_word' id='word_1_594' title='bbox 1772 2001 1953 2031; x_wconf 80' lang='lat' dir='ltr'><em>iunocentii</em></span> <span class='ocrx_word' id='word_1_595' title='bbox 1971 2001 2055 2030; x_wconf 88' lang='lat' dir='ltr'><em>tertii</em></span> <span class='ocrx_word' id='word_1_596' title='bbox 2069 2000 2255 2031; x_wconf 82' lang='lat' dir='ltr'><em>honorando</em></span> 
     </span>
     <span class='ocr_line' id='line_1_87' title="bbox 1297 2053 2255 2093; baseline -0.003 -8"><span class='ocrx_word' id='word_1_597' title='bbox 1297 2055 1429 2093; x_wconf 84' lang='lat' dir='ltr'><em>collegio</em></span> <span class='ocrx_word' id='word_1_598' title='bbox 1448 2056 1480 2084; x_wconf 92' lang='lat' dir='ltr'><em>in</em></span> <span class='ocrx_word' id='word_1_599' title='bbox 1505 2055 1699 2084; x_wconf 80' lang='lat' dir='ltr'><em>cardinalem</em></span> <span class='ocrx_word' id='word_1_600' title='bbox 1723 2054 1831 2084; x_wconf 82' lang='lat' dir='ltr'><em>Sancti</em></span> <span class='ocrx_word' id='word_1_601' title='bbox 1855 2053 2016 2084; x_wconf 83' lang='lat' dir='ltr'><em>Eustachii</em></span> <span class='ocrx_word' id='word_1_602' title='bbox 2036 2054 2158 2083; x_wconf 84' lang='lat' dir='ltr'><em>modica</em></span> <span class='ocrx_word' id='word_1_603' title='bbox 2176 2057 2255 2083; x_wconf 87' lang='lat' dir='ltr'><em>tem-</em></span> 
     </span>
     <span class='ocr_line' id='line_1_88' title="bbox 1296 2097 2255 2147; baseline -0.001 -9"><span class='ocrx_word' id='word_1_604' title='bbox 1296 2108 1381 2147; x_wconf 88' lang='lat' dir='ltr'><em>poris</em></span> <span class='ocrx_word' id='word_1_605' title='bbox 1404 2097 1623 2146; x_wconf 77' lang='lat' dir='ltr'><em>interjectione</em></span> <span class='ocrx_word' id='word_1_606' title='bbox 1647 2111 1827 2146; x_wconf 80' lang='lat' dir='ltr'><em>promotus,</em></span> <span class='ocrx_word' id='word_1_607' title='bbox 1852 2115 1914 2137; x_wconf 88' lang='lat' dir='ltr'><em>non</em></span> <span class='ocrx_word' id='word_1_608' title='bbox 1935 2106 2035 2136; x_wconf 89' lang='lat' dir='ltr'><em>multo</em></span> <span class='ocrx_word' id='word_1_609' title='bbox 2052 2111 2120 2145; x_wconf 85' lang='lat' dir='ltr'><em>post</em></span> <span class='ocrx_word' id='word_1_610' title='bbox 2137 2106 2171 2135; x_wconf 89' lang='lat' dir='ltr'><em>in</em></span> <span class='ocrx_word' id='word_1_611' title='bbox 2194 2105 2255 2137; x_wconf 81' lang='lat' dir='ltr'><em>Os-</em></span> 
     </span>
     <span class='ocr_line' id='line_1_89' title="bbox 1297 2161 1822 2199; baseline -0.004 -8"><span class='ocrx_word' id='word_1_612' title='bbox 1297 2163 1429 2191; x_wconf 87' lang='lat' dir='ltr'><em>tiensem</em></span> <span class='ocrx_word' id='word_1_613' title='bbox 1448 2161 1627 2199; x_wconf 84' lang='lat' dir='ltr'><em>episcopum</em></span> <span class='ocrx_word' id='word_1_614' title='bbox 1645 2161 1822 2190; x_wconf 82' lang='lat' dir='ltr'><em>ordinatur.</em></span> 
     </span>
    </p>

    <p class='ocr_par' dir='ltr' id='par_1_44' title="bbox 1297 2214 2258 2298">
     <span class='ocr_line' id='line_1_90' title="bbox 1337 2214 2258 2253; baseline -0.003 -8"><span class='ocrx_word' id='word_1_615' title='bbox 1337 2215 1363 2245; x_wconf 88' lang='lat'><em>3.</em></span> <span class='ocrx_word' id='word_1_616' title='bbox 1382 2231 1418 2236; x_wconf 91' lang='lat'><em>-—</em></span> <span class='ocrx_word' id='word_1_617' title='bbox 1441 2215 1540 2253; x_wconf 86' lang='lat' dir='ltr'><em>Cujus</em></span> <span class='ocrx_word' id='word_1_618' title='bbox 1557 2215 1651 2244; x_wconf 85' lang='lat' dir='ltr'><em>officii</em></span> <span class='ocrx_word' id='word_1_619' title='bbox 1674 2219 1812 2253; x_wconf 85' lang='lat' dir='ltr'><em>tempore</em></span> <span class='ocrx_word' id='word_1_620' title='bbox 1832 2214 2053 2244; x_wconf 86' lang='lat' dir='ltr'><em>Penitentium</em></span> <span class='ocrx_word' id='word_1_621' title='bbox 2076 2214 2209 2243; x_wconf 84' lang='lat' dir='ltr'><em>fratrum</em></span> <span class='ocrx_word' id='word_1_622' title='bbox 2227 2217 2258 2243; x_wconf 86' lang='lat' dir='ltr'><em>et</em></span> 
     </span>
     <span class='ocr_line' id='line_1_91' title="bbox 1297 2265 2257 2298; baseline -0.003 -1"><span class='ocrx_word' id='word_1_623' title='bbox 1297 2268 1499 2298; x_wconf 80' lang='lat' dir='ltr'><em>dominarum</em></span> <span class='ocrx_word' id='word_1_624' title='bbox 1525 2267 1725 2296; x_wconf 82' lang='lat' dir='ltr'><em>Inclusarnm</em></span> <span class='ocrx_word' id='word_1_625' title='bbox 1749 2275 1845 2296; x_wconf 85' lang='lat' dir='ltr'><em>novos</em></span> <span class='ocrx_word' id='word_1_626' title='bbox 1866 2266 2006 2295; x_wconf 84' lang='lat' dir='ltr'><em>instituit</em></span> <span class='ocrx_word' id='word_1_627' title='bbox 2022 2266 2152 2296; x_wconf 85' lang='lat' dir='ltr'><em>ordines</em></span> <span class='ocrx_word' id='word_1_628' title='bbox 2168 2269 2198 2296; x_wconf 84' lang='lat' dir='ltr'><em>et</em></span> <span class='ocrx_word' id='word_1_629' title='bbox 2217 2265 2257 2295; x_wconf 87' lang='lat' dir='ltr'><em>ad</em></span> 
     </span>
    </p>
   </div>
   <div class='ocr_carea' id='block_1_28' title="bbox 1252 2319 2259 2359">
    <p class='ocr_par' dir='ltr' id='par_1_45' title="bbox 1252 2319 2259 2359">
     <span class='ocr_line' id='line_1_92' title="bbox 1252 2319 2259 2359; baseline -0.002 -9"><span class='ocrx_word' id='word_1_630' title='bbox 1252 2352 1255 2354; x_wconf 12' lang='grc' dir='ltr'>μ</span> <span class='ocrx_word' id='word_1_631' title='bbox 1297 2330 1460 2350; x_wconf 84' lang='grc'>5001111001</span> <span class='ocrx_word' id='word_1_632' title='bbox 1478 2330 1576 2359; x_wconf 78' lang='lat' dir='ltr'><em>usqne</em></span> <span class='ocrx_word' id='word_1_633' title='bbox 1593 2320 1745 2358; x_wconf 77' lang='lat' dir='ltr'><em>provexit.</em></span> <span class='ocrx_word' id='word_1_634' title='bbox 1761 2319 1925 2349; x_wconf 74' lang='lat' dir='ltr'><em>Minox-um</em></span> <span class='ocrx_word' id='word_1_635' title='bbox 1939 2321 2033 2349; x_wconf 87' lang='lat' dir='ltr'><em>etiam</em></span> <span class='ocrx_word' id='word_1_636' title='bbox 2050 2319 2195 2348; x_wconf 82' lang='lat' dir='ltr'><em>ordinem</em></span> <span class='ocrx_word' id='word_1_637' title='bbox 2209 2319 2259 2348; x_wconf 89' lang='lat' dir='ltr'><em>in-</em></span> 
     </span>
    </p>
   </div>
   <div class='ocr_carea' id='block_1_29' title="bbox 1297 2370 2260 2784">
    <p class='ocr_par' dir='ltr' id='par_1_46' title="bbox 1297 2370 2260 2784">
     <span class='ocr_line' id='line_1_93' title="bbox 1299 2370 2258 2410; baseline -0.002 -7"><span class='ocrx_word' id='word_1_638' title='bbox 1299 2379 1344 2403; x_wconf 84' lang='lat' dir='ltr'><em>tra</em></span> <span class='ocrx_word' id='word_1_639' title='bbox 1371 2374 1465 2403; x_wconf 88' lang='lat' dir='ltr'><em>initia</em></span> <span class='ocrx_word' id='word_1_640' title='bbox 1488 2373 1545 2402; x_wconf 88' lang='lat' dir='ltr'><em>sub</em></span> <span class='ocrx_word' id='word_1_641' title='bbox 1571 2372 1672 2402; x_wconf 85' lang='lat' dir='ltr'><em>limite</em></span> <span class='ocrx_word' id='word_1_642' title='bbox 1697 2373 1818 2402; x_wconf 87' lang='lat' dir='ltr'><em>incerto</em></span> <span class='ocrx_word' id='word_1_643' title='bbox 1845 2377 2012 2410; x_wconf 75' lang='lat' dir='ltr'><em>vagantem</em></span> <span class='ocrx_word' id='word_1_644' title='bbox 2041 2380 2122 2402; x_wconf 89' lang='lat' dir='ltr'><em>nova</em></span> <span class='ocrx_word' id='word_1_645' title='bbox 2149 2370 2258 2409; x_wconf 85' lang='lat' dir='ltr'><em>regule</em></span> 
     </span>
     <span class='ocr_line' id='line_1_94' title="bbox 1298 2425 2258 2460; baseline -0.001 -5"><span class='ocrx_word' id='word_1_646' title='bbox 1298 2426 1465 2456; x_wconf 77' lang='lat' dir='ltr'><em>traditione</em></span> <span class='ocrx_word' id='word_1_647' title='bbox 1488 2426 1604 2455; x_wconf 84' lang='lat' dir='ltr'><em>direxit</em></span> <span class='ocrx_word' id='word_1_648' title='bbox 1630 2431 1659 2455; x_wconf 88' lang='lat' dir='ltr'><em>et</em></span> <span class='ocrx_word' id='word_1_649' title='bbox 1682 2426 1868 2456; x_wconf 79' lang='lat' dir='ltr'><em>informavit</em></span> <span class='ocrx_word' id='word_1_650' title='bbox 1889 2425 2073 2460; x_wconf 78' lang='lat' dir='ltr'><em>informem,</em></span> <span class='ocrx_word' id='word_1_651' title='bbox 2099 2425 2128 2454; x_wconf 87' lang='lat' dir='ltr'><em>b.</em></span> <span class='ocrx_word' id='word_1_652' title='bbox 2157 2425 2258 2454; x_wconf 88' lang='lat' dir='ltr'><em>Fran-</em></span> 
     </span>
     <span class='ocr_line' id='line_1_95' title="bbox 1297 2478 2258 2517; baseline -0.002 -8"><span class='ocrx_word' id='word_1_653' title='bbox 1297 2480 1415 2509; x_wconf 88' lang='lat' dir='ltr'><em>ciscum</em></span> <span class='ocrx_word' id='word_1_654' title='bbox 1433 2480 1479 2509; x_wconf 81' lang='lat' dir='ltr'><em>eis</em></span> <span class='ocrx_word' id='word_1_655' title='bbox 1498 2479 1683 2509; x_wconf 85' lang='lat' dir='ltr'><em>ministrum</em></span> <span class='ocrx_word' id='word_1_656' title='bbox 1700 2479 1868 2517; x_wconf 82' lang='lat' dir='ltr'><em>preficiens</em></span> <span class='ocrx_word' id='word_1_657' title='bbox 1884 2484 1913 2508; x_wconf 88' lang='lat' dir='ltr'><em>et</em></span> <span class='ocrx_word' id='word_1_658' title='bbox 1933 2482 2096 2508; x_wconf 87' lang='lat' dir='ltr'><em>rectorem.</em></span> <span class='ocrx_word' id='word_1_659' title='bbox 2115 2478 2258 2514; x_wconf 86' lang='lat' dir='ltr'><em>Quorum</em></span> 
     </span>
     <span class='ocr_line' id='line_1_96' title="bbox 1298 2532 2260 2571; baseline -0.002 -9"><span class='ocrx_word' id='word_1_660' title='bbox 1298 2533 1408 2563; x_wconf 88' lang='lat' dir='ltr'><em>eodem</em></span> <span class='ocrx_word' id='word_1_661' title='bbox 1425 2533 1547 2571; x_wconf 83' lang='lat' dir='ltr'><em>rigante</em></span> <span class='ocrx_word' id='word_1_662' title='bbox 1568 2532 1607 2561; x_wconf 85' lang='lat' dir='ltr'><em>ad</em></span> <span class='ocrx_word' id='word_1_663' title='bbox 1626 2541 1680 2562; x_wconf 81' lang='lat' dir='ltr'><em>eos</em></span> <span class='ocrx_word' id='word_1_664' title='bbox 1700 2532 1818 2561; x_wconf 87' lang='lat' dir='ltr'><em>limites</em></span> <span class='ocrx_word' id='word_1_665' title='bbox 1834 2532 2033 2561; x_wconf 86' lang='lat' dir='ltr'><em>incrementa</em></span> <span class='ocrx_word' id='word_1_666' title='bbox 2048 2534 2206 2561; x_wconf 89' lang='lat' dir='ltr'><em>venerunt</em></span> <span class='ocrx_word' id='word_1_667' title='bbox 2224 2535 2260 2560; x_wconf 85' lang='lat' dir='ltr'><em>ut</em></span> 
     </span>
     <span class='ocr_line' id='line_1_97' title="bbox 1298 2583 2258 2625; baseline -0.002 -10"><span class='ocrx_word' id='word_1_668' title='bbox 1298 2586 1448 2625; x_wconf 86' lang='lat' dir='ltr'><em>prebente</em></span> <span class='ocrx_word' id='word_1_669' title='bbox 1463 2585 1574 2615; x_wconf 89' lang='lat' dir='ltr'><em>divina</em></span> <span class='ocrx_word' id='word_1_670' title='bbox 1590 2586 1728 2624; x_wconf 87' lang='lat' dir='ltr'><em>potentia</em></span> <span class='ocrx_word' id='word_1_671' title='bbox 1752 2594 1808 2624; x_wconf 87' lang='lat' dir='ltr'><em>per</em></span> <span class='ocrx_word' id='word_1_672' title='bbox 1829 2584 1974 2623; x_wconf 83' lang='lat' dir='ltr'><em>singulos</em></span> <span class='ocrx_word' id='word_1_673' title='bbox 1994 2584 2079 2614; x_wconf 88' lang='lat' dir='ltr'><em>orbis</em></span> <span class='ocrx_word' id='word_1_674' title='bbox 2106 2583 2258 2614; x_wconf 82' lang='lat' dir='ltr'><em>terminos</em></span> 
     </span>
     <span class='ocr_line' id='line_1_98' title="bbox 1299 2637 2258 2677; baseline -0.003 -8"><span class='ocrx_word' id='word_1_675' title='bbox 1299 2648 1409 2669; x_wconf 84' lang='lat' dir='ltr'><em>eorum</em></span> <span class='ocrx_word' id='word_1_676' title='bbox 1424 2639 1604 2669; x_wconf 86' lang='lat' dir='ltr'><em>venerando</em></span> <span class='ocrx_word' id='word_1_677' title='bbox 1618 2639 1777 2669; x_wconf 88' lang='lat' dir='ltr'><em>consortio</em></span> <span class='ocrx_word' id='word_1_678' title='bbox 1788 2639 1839 2668; x_wconf 88' lang='lat' dir='ltr'><em>vix</em></span> <span class='ocrx_word' id='word_1_679' title='bbox 1851 2638 1978 2668; x_wconf 86' lang='lat' dir='ltr'><em>viculus</em></span> <span class='ocrx_word' id='word_1_680' title='bbox 1990 2637 2189 2677; x_wconf 87' lang='lat' dir='ltr'><em>repperiatur</em></span> <span class='ocrx_word' id='word_1_681' title='bbox 2199 2637 2258 2667; x_wconf 89' lang='lat' dir='ltr'><em>im-</em></span> 
     </span>
     <span class='ocr_line' id='line_1_99' title="bbox 1299 2690 2259 2731; baseline -0.002 -10"><span class='ocrx_word' id='word_1_682' title='bbox 1299 2692 1420 2722; x_wconf 86' lang='lat' dir='ltr'><em>munis.</em></span> <span class='ocrx_word' id='word_1_683' title='bbox 1441 2693 1550 2722; x_wconf 85' lang='lat' dir='ltr'><em>Preter</em></span> <span class='ocrx_word' id='word_1_684' title='bbox 1568 2692 1621 2722; x_wconf 90' lang='lat' dir='ltr'><em>illa</em></span> <span class='ocrx_word' id='word_1_685' title='bbox 1643 2692 1771 2731; x_wconf 83' lang='lat' dir='ltr'><em>quidem</em></span> <span class='ocrx_word' id='word_1_686' title='bbox 1793 2691 1876 2721; x_wconf 88' lang='lat' dir='ltr'><em>mira</em></span> <span class='ocrx_word' id='word_1_687' title='bbox 1893 2691 2100 2721; x_wconf 79' lang='lat' dir='ltr'><em>extimatione</em></span> <span class='ocrx_word' id='word_1_688' title='bbox 2121 2690 2259 2720; x_wconf 86' lang='lat' dir='ltr'><em>notanda</em></span> 
     </span>
     <span class='ocr_line' id='line_1_100' title="bbox 1299 2743 2257 2784; baseline -0.002 -10"><span class='ocrx_word' id='word_1_689' title='bbox 1299 2754 1361 2784; x_wconf 89' lang='lat' dir='ltr'><em>que</em></span> <span class='ocrx_word' id='word_1_690' title='bbox 1384 2745 1516 2775; x_wconf 82' lang='lat' dir='ltr'><em>fratrum</em></span> <span class='ocrx_word' id='word_1_691' title='bbox 1542 2745 1783 2775; x_wconf 86' lang='lat' dir='ltr'><em>necessitatibus</em></span> <span class='ocrx_word' id='word_1_692' title='bbox 1808 2744 1860 2783; x_wconf 89' lang='lat' dir='ltr'><em>pia</em></span> <span class='ocrx_word' id='word_1_693' title='bbox 1885 2743 2074 2773; x_wconf 85' lang='lat' dir='ltr'><em>liberalitate</em></span> <span class='ocrx_word' id='word_1_694' title='bbox 2091 2743 2257 2780; x_wconf 83' lang='lat' dir='ltr'><em>concessit,</em></span> 
     </span>
    </p>
   </div>
   <div class='ocr_carea' id='block_1_30' title="bbox 1299 2922 2259 2957">
    <p class='ocr_par' dir='ltr' id='par_1_47' title="bbox 1299 2922 2259 2957">
     <span class='ocr_line' id='line_1_101' title="bbox 1299 2922 2259 2957; baseline -0.002 -8"><span class='ocrx_word' id='word_1_695' title='bbox 1299 2924 1322 2950; x_wconf 88' lang='lat'><em>1.</em></span> <span class='ocrx_word' id='word_1_696' title='bbox 1340 2923 1491 2956; x_wconf 79' lang='lat' dir='ltr'><em>Muratori,</em></span> <span class='ocrx_word' id='word_1_697' title='bbox 1509 2923 1573 2954; x_wconf 66' lang='lat' dir='ltr'><em>SS„</em></span> <span class='ocrx_word' id='word_1_698' title='bbox 1590 2928 1608 2949; x_wconf 88' lang='lat' dir='ltr'><em>t.</em></span> <span class='ocrx_word' id='word_1_699' title='bbox 1627 2923 1699 2955; x_wconf 85' lang='lat'>111¹,</span> <span class='ocrx_word' id='word_1_700' title='bbox 1718 2932 1744 2957; x_wconf 85' lang='lat' dir='ltr'><em>p.</em></span> <span class='ocrx_word' id='word_1_701' title='bbox 1761 2922 1891 2955; x_wconf 77' lang='lat'>575-587,</span> <span class='ocrx_word' id='word_1_702' title='bbox 1911 2922 2023 2956; x_wconf 77' lang='lat' dir='ltr'><em>d&#39;apres</em></span> <span class='ocrx_word' id='word_1_703' title='bbox 2043 2930 2079 2948; x_wconf 92' lang='lat' dir='ltr'><em>un</em></span> <span class='ocrx_word' id='word_1_704' title='bbox 2102 2922 2259 2948; x_wconf 85' lang='lat' dir='ltr'><em>manuscrit</em></span> 
     </span>
    </p>
   </div>
   <div class='ocr_carea' id='block_1_31' title="bbox 1260 2969 2260 3048">
    <p class='ocr_par' dir='ltr' id='par_1_48' title="bbox 1260 2969 2260 3048">
     <span class='ocr_line' id='line_1_102' title="bbox 1260 2969 2260 3004; baseline -0.003 -6"><span class='ocrx_word' id='word_1_705' title='bbox 1260 2971 1437 2999; x_wconf 84' lang='lat' dir='ltr'><em>secondaire.</em></span> <span class='ocrx_word' id='word_1_706' title='bbox 1463 2971 1517 2997; x_wconf 80' lang='lat' dir='ltr'><em>J&#39;ai</em></span> <span class='ocrx_word' id='word_1_707' title='bbox 1539 2980 1589 2998; x_wconf 86' lang='lat' dir='ltr'><em>cru</em></span> <span class='ocrx_word' id='word_1_708' title='bbox 1613 2972 1710 2997; x_wconf 83' lang='lat' dir='ltr'><em>devoir</em></span> <span class='ocrx_word' id='word_1_709' title='bbox 1729 2971 1836 2997; x_wconf 85' lang='lat' dir='ltr'><em>diviser</em></span> <span class='ocrx_word' id='word_1_710' title='bbox 1857 2971 1881 2996; x_wconf 84' lang='lat' dir='ltr'><em>lc</em></span> <span class='ocrx_word' id='word_1_711' title='bbox 1904 2975 1980 2996; x_wconf 81' lang='lat' dir='ltr'><em>texte</em></span> <span class='ocrx_word' id='word_1_712' title='bbox 2005 2978 2040 2996; x_wconf 91' lang='lat' dir='ltr'><em>en</em></span> <span class='ocrx_word' id='word_1_713' title='bbox 2064 2969 2260 3004; x_wconf 78' lang='lat' dir='ltr'><em>paragraphes</em></span> 
     </span>
     <span class='ocr_line' id='line_1_103' title="bbox 1262 3024 1438 3048; baseline -0.006 0"><span class='ocrx_word' id='word_1_714' title='bbox 1262 3024 1438 3048; x_wconf 76' lang='lat' dir='ltr'><em>nume&#39;rotes.</em></span> 
     </span>
    </p>
   </div>
  </div>
 </body>
</html>
