2402 3592
170 372 202 400 12
708 364 755 393 LE
780 363 920 392 LIBER
944 359 1174 391 CENSUUM
1200 358 1252 387 DE
1277 347 1462 386 L‘EGLISE
1485 356 1693 386 ROMAlNE.

208 441 235 465 et
253 434 450 474 pertinentiis
469 433 549 465 suis,
574 440 629 460 nec
652 440 712 460 non
734 429 969 462 melioratione,
996 429 1109 465 emptis
1132 432 1161 456 et

208 487 373 526 acquisitis
392 484 593 523 hujusmodi,
614 484 711 513 libere
735 488 763 512 et
785 483 855 512 sine
879 483 983 520 aliqua
1008 490 1159 519 expensa-

210 551 277 570 rum
296 540 343 569 vel
361 540 449 577 pretii
470 537 666 567 restitutione
690 546 724 565 ex
743 540 832 572 tnnc,
851 536 943 564 etiam
962 534 1091 563 nemine
1109 542 1159 572 pe-

210 599 303 629 tente,
315 593 352 622 ad
369 592 483 621 dictam
502 591 666 619 ecclesiam
686 594 877 624 revertatur,
896 593 925 618 et
941 588 1022 626 quod
1040 586 1160 616 dictum

207 654 374 676 commune
394 648 578 673 contentum
597 643 658 672 liiis
675 652 736 681 que
754 642 837 671 dicta
859 641 991 671 ecclesia
1008 640 1041 669 in
1063 640 1160 669 comi-

211 704 272 729 tatu
296 699 387 727 habet
414 697 521 727 eodem
546 696 591 725 vel
620 696 735 725 habere
760 695 852 724 debet
875 694 922 723 vel
946 697 1094 723 consueta
1116 696 1162 721 est

208 752 332 785 habere,
359 750 405 779 vel
430 749 491 778 alia
516 758 648 787 persona
669 748 800 778 nomine
819 747 964 782 ecclesie,
990 747 1091 784 ipsum
1112 744 1161 774 vel

209 813 356 844 personas
386 803 534 839 degentes
569 802 686 831 ibidem
721 801 860 830 indebite
887 799 1068 829 nullatenus
1092 807 1161 836 pre-

210 857 399 895 gravabnnt„
423 864 479 884 nec
502 855 733 892 minuentjura
751 853 851 891 ipsius
870 852 1014 885 ecclesie,
1045 860 1100 880 nec
1124 851 1162 880 ab

208 910 313 948 aliquo
335 917 389 947 pro
416 916 504 946 posse
529 907 631 936 minui
659 906 860 945 aliquatenus
885 905 1057 943 patientur-3
1085 907 1113 932 et
1135 903 1161 932 si

208 971 286 1001 qnos
310 966 453 999 sumptus
482 969 536 998 pro
564 959 799 997 recuperatione
825 958 897 987 dicti
923 958 1087 986 comitatus
1114 955 1163 985 vel

203 1016 325 1054 jurium
341 1023 394 1043 seu
414 1022 619 1051 personarum
637 1014 704 1050 ejus
721 1011 768 1040 vel
786 1020 895 1041 eorum
915 1010 1100 1040 defensione
1113 1009 1163 1038 vel

207 1068 387 1097 detentione
407 1067 472 1094 sive
494 1065 713 1094 melioratione
737 1073 926 1102 quacunque
945 1063 1091 1099 fecerint,
1114 1061 1162 1091 vel

206 1123 300 1151 etiam
319 1120 452 1158 pretium
471 1123 649 1157 emptorum
667 1122 695 1147 et
711 1118 938 1156 acquisitorum
956 1117 1074 1146 ibidem
1094 1116 1161 1145 nul-

208 1174 331 1203 latenus
356 1176 515 1210 repetent,
541 1180 598 1201 nec
615 1171 777 1201 occasione
800 1170 985 1208 hujusmodi
1011 1178 1162 1207 expensa-

209 1236 279 1256 rum
307 1225 355 1255 vel
380 1225 605 1263 acquisitorum
629 1224 812 1253 comitatum
841 1223 945 1261 ipsum
970 1222 1018 1252 vel
1043 1227 1162 1261 partem

208 1279 349 1319 ejusdem
364 1278 503 1317 aliquam
519 1277 713 1313 retinebunt,
731 1286 786 1306 nec
802 1277 835 1306 in
849 1285 884 1306 eo
895 1277 947 1314 jus
964 1276 1022 1305 sibi
1035 1275 1164 1314 aliquod

208 1332 437 1367 vendicabnnt3
462 1336 491 1360 et
513 1330 594 1369 quod
616 1339 747 1359 censum
770 1329 960 1368 premissum
984 1329 1079 1358 aunis
1096 1329 1163 1358 sin-

208 1385 293 1423 gulis
318 1393 440 1414 camere
465 1384 585 1413 domini
607 1392 685 1422 pape
709 1383 903 1421 ubicumque
929 1383 1022 1412 luerit
1045 1383 1076 1411 in
1102 1385 1163 1411 ter-

208 1439 297 1468 mino
313 1437 491 1475 supradicto
508 1436 706 1475 persolvent,
727 1442 756 1465 et
773 1436 810 1464 ad
834 1435 1050 1473 recipiendum
1071 1440 1162 1464 tenu-

208 1498 271 1521 tam
301 1495 330 1520 et
361 1489 555 1528 corporalem
586 1489 814 1527 possessionem
850 1488 1019 1517 comitatus
1051 1488 1162 1525 ipsius,

204 1545 326 1582 jurium
358 1548 387 1572 et
409 1543 667 1580 jurisdictionum
696 1547 725 1571 et
755 1546 962 1580 proventuum
996 1542 1164 1571 comitatus

209 1598 349 1636 ejusdem
362 1621 368 1632 ,
389 1597 517 1625 nomine
534 1596 713 1625 communis
733 1595 856 1624 perusii
876 1600 905 1624 et
923 1595 959 1623 ad
979 1595 1165 1633 promitten-

209 1652 285 1681 dum
301 1651 428 1680 nomine
445 1650 583 1687 ipsorum
602 1654 631 1678 et
647 1648 825 1678 communis
844 1648 966 1677 perusii
988 1648 1090 1677 eidem
1107 1647 1163 1677 do-

209 1705 295 1734 mino
318 1704 436 1733 Uberto
460 1703 622 1740 recipienti
645 1703 775 1731 nomine
796 1701 925 1730 ecclesie
948 1702 1090 1731 Romane
1108 1701 1166 1730 sub

210 1765 289 1796 pena
312 1757 418 1785 decem
446 1756 569 1783 milium
597 1763 773 1783 marcarum
798 1754 932 1792 argenti,
950 1754 1032 1792 quod
1057 1753 1166 1783 omnia

209 1816 240 1839 et
260 1808 384 1846 singula
406 1808 567 1846 superiora
587 1806 810 1836 inviolabiliter
830 1807 1059 1841 observabunt,
1080 1811 1109 1835 et
1127 1806 1165 1835 ad

211 1862 412 1901 prestandum
425 1862 644 1899 juramentum
664 1861 694 1889 in
713 1861 881 1889 animabus
898 1860 1038 1898 ipsorum
1056 1864 1085 1889 et
1099 1860 1165 1888 sin-

211 1916 357 1953 gulorum
384 1915 482 1953 ipsius
501 1914 678 1943 communis
695 1913 732 1941 de
749 1913 901 1942 omnibus
918 1918 947 1941 et
962 1912 1099 1949 singulis
1116 1922 1165 1941 su-

212 1969 359 2008 pradictis
377 1967 576 1996 attendendis
593 1976 627 1995 ac
644 1966 737 1995 etiam
755 1966 974 1999 observandis„
996 1970 1025 1994 et
1040 1966 1078 1994 ad
1090 1965 1166 1995 obli-

211 2022 349 2059 gandum
390 2021 493 2058 ipsum
533 2028 700 2048 commune
739 2024 768 2048 et
805 2019 913 2048 omnia
951 2019 1029 2048 bona
1067 2019 1167 2056 ipsius

211 2074 390 2104 communis
416 2073 517 2101 eidem
545 2072 674 2101 domino
699 2072 818 2101 Uberto
849 2073 1012 2110 recipienti
1039 2073 1167 2101 nomine

215 2129 355 2157 Romane
373 2126 501 2155 ecclesie
520 2135 572 2163 per
589 2125 764 2162 legitimam
779 2125 1017 2163 stipulationem
1037 2130 1097 2154 tam
1113 2133 1168 2164 pro

212 2179 417 2209 observandis
457 2178 605 2207 omnibns
641 2177 828 2215 supradictis
865 2187 960 2216 quain
999 2186 1052 2215 pro
1088 2186 1168 2215 pena

213 2233 307 2262 etiam
327 2231 498 2265 nominata,
519 2236 548 2259 et
562 2230 600 2259 ad
618 2230 865 2268 promittendum
884 2231 915 2259 in
934 2231 1041 2259 anima
1062 2239 1118 2259 sua
1140 2236 1168 2259 et

215 2285 423 2324 predictorum
459 2283 606 2313 omnium
637 2284 669 2311 in
703 2284 816 2312 virtute
847 2284 967 2321 prestiti
995 2285 1168 2321 juramenti

215 2338 315 2368 eidem
333 2337 461 2366 domino
478 2337 595 2366 Uberto
614 2335 783 2374 recipienti
805 2337 936 2366 nomine
955 2337 1083 2366 ecclesie
1103 2337 1167 2366 Ro-

215 2401 307 2421 mane
323 2391 407 2429 quod
424 2395 558 2428 potestas
581 2395 611 2419 et
632 2390 814 2428 capitaneus
837 2390 889 2428 qui
910 2395 1003 2419 erunt
1021 2400 1073 2429 per
1090 2395 1169 2419 tem—

215 2453 288 2483 pora
306 2444 460 2483 jurabunt
485 2442 543 2472 hec
565 2442 672 2472 eadem
696 2443 728 2471 in
752 2443 907 2481 principio
929 2443 978 2472 sui
1001 2443 1170 2481 regiminis

217 2507 269 2536 per
286 2496 394 2526 omnia
413 2494 642 2525 inviolabiliter
665 2495 853 2532 observare3
878 2501 907 2525 et
927 2496 1011 2534 quod
1031 2496 1091 2525 ista
1113 2505 1170 2534 po-

217 2553 332 2580 nentur
348 2551 380 2578 111
398 2549 478 2577 libro
491 2553 678 2577 statutorum
690 2550 870 2578 communis
885 2549 1024 2585 Perusii,
1038 2555 1067 2578 et
1078 2559 1171 2588 super

218 2604 284 2641 ipso
302 2606 416 2631 statuto
432 2601 586 2639 jurabunt
606 2606 740 2639 potestas
761 2606 790 2630 et
807 2602 990 2639 capitaneus
1013 2606 1042 2631 et
1066 2603 1171 2632 consi-

217 2655 297 2684 lium
314 2663 416 2692 usque
430 2654 467 2682 ad
480 2654 737 2692 quinquennium
753 2654 981 2691 supradictum,
997 2659 1025 2683 et
1039 2664 1171 2692 genera-

219 2707 290 2736 liter
310 2707 347 2735 ad
367 2706 475 2736 onmia
491 2706 632 2735 facienda
649 2711 678 2735 et
693 2705 864 2743 obliganda
887 2711 916 2735 et
938 2707 1118 2745 recipienda
1139 2709 1172 2737 111

219 2760 396 2799 promissis,
415 2759 497 2788 circa
514 2758 665 2796 premissa
690 2763 719 2787 et
742 2758 904 2797 quodlibet
926 2760 1170 2797 premissorum,

218 2822 279 2851 que
295 2821 387 2840 verns
406 2811 569 2847 legitimus
593 2816 621 2839 et
642 2811 800 2848 generalis
820 2811 971 2849 syndicus
988 2821 1043 2841 sen
1062 2822 1172 2851 procu-

219 2870 302 2894 rator
321 2864 440 2893 habens
465 2863 596 2893 liberam
617 2868 646 2892 et
662 2864 842 2901 generalem
862 2864 1173 2895 administrationem

219 2918 319 2947 facere
339 2922 368 2946 et
384 2924 529 2945 exercere
547 2919 655 2953 potest.
678 2916 901 2945 Promittentes
920 2917 1004 2946 idem
1025 2923 1172 2956 potestas,

219 2971 402 3008 capitaneus
418 2973 445 2997 et
462 2967 632 2997 consilium
650 2972 751 2997 ratum
769 2973 798 2998 et
812 2969 941 2998 firmum
956 2969 1072 3000 habere
1089 2972 1174 3008 quic-

220 3022 297 3061 quid
314 3031 366 3061 per
383 3021 556 3059 predictum
574 3021 730 3050 sindicum
747 3021 779 3050 in
802 3023 979 3059 premissis,
1003 3024 1084 3053 circa
1104 3033 1173 3062 pre-

1283 424 1388 457 missa,
1417 432 1470 452 seu
1495 423 1625 460 aliquod
1651 423 1878 460 premissorum
1903 427 2018 459 actum,
2044 423 2239 462 promissum

1283 476 1377 505 fuerit
1393 475 1460 504 sive
1476 475 1570 504 etiam
1586 475 1780 504 ordinatum.
1796 475 1833 504 In
1851 475 1942 513 cujus
1960 475 2005 504 rei
2021 476 2239 505 testimonium

1283 532 1312 557 et
1337 528 1489 565 majorem
1518 528 1700 557 firmitatem
1725 528 1802 557 dicti
1824 532 1973 566 potestas,
2003 528 2184 567 capitaneus
2210 533 2240 558 et

1281 581 1452 610 consilium
1483 581 1612 610 nomine
1637 581 1819 610 communis
1851 581 1996 617 Perusii,
2026 581 2241 619 procurationi

1283 643 1337 663 seu
1355 633 1520 672 syndicatu
1540 634 1678 672 predicto
1697 642 1805 663 eorum
1830 633 1935 671 sigilla
1954 635 2097 664 lecerunt
2111 636 2238 672 apponi.

1283 689 1399 717 Actum
1427 687 1551 716 I’ernsii
1574 687 1606 715 in
1635 687 1750 725 palatio
1778 687 1960 717 communis
1982 696 2087 717 coram
2112 687 2242 718 domino

1286 741 1449 770 Bernardo
1465 741 1611 779 episcopo
1630 741 1794 777 Perusino,
1810 740 1941 770 domino
1962 741 2050 770 Bono
2067 741 2240 779 presbitero

1285 799 1315 824 et
1329 794 1492 833 capellano
1508 793 1638 823 ecclesie
1654 794 1755 823 sancti
1771 793 1879 823 Severi
1905 794 1942 823 de
1967 794 2088 829 Platea,
2111 794 2241 824 domino

1284 847 1418 878 Girardo
1447 847 1485 877 de
1512 847 1618 877 Guazo
1646 847 1748 876 milite
1774 847 1944 885 potestatis,
1971 847 2103 878 domiuo
2124 847 2242 877 Jacoho

1286 901 1395 931 Pincis
1422 901 1548 939 judice,
1579 900 1709 930 domino
1736 901 1852 930 Jacobo
1880 901 1919 930 de
1946 901 2090 931 Pusterla
2117 901 2241 940 jndice,

1286 955 1378 984 Petro
1403 954 1589 984 Portonario
1611 954 1745 989 notario,
1765 953 1884 983 Giliolo
1906 954 2039 990 notario,
2064 954 2242 984 Lanfranco

1287 1007 1420 1042 notario,
1434 1007 1547 1044 Ugone
1566 1005 1710 1035 Dalferni
1730 1007 1851 1036 notario
1867 1006 1904 1035 de
1920 1006 2047 1036 civitate
2061 1007 2242 1043 Parmensi,

1284 1059 1498 1089 familiaribus
1518 1059 1598 1088 dicte
1615 1059 1774 1097 potestatis
1793 1059 1830 1088 de
1846 1059 1986 1095 Perusio,
2001 1058 2132 1088 domino
2149 1059 2241 1088 Jaco-

1286 1113 1374 1142 mino
1387 1112 1494 1151 judice
1509 1112 1584 1142 dicti
1597 1112 1767 1150 capitanei,
1780 1112 1910 1141 domino
1922 1109 2088 1141 Sinibaldo
2099 1111 2244 1149 magistri

1286 1165 1406 1195 Mathei
1428 1165 1550 1204 judice,
1568 1165 1697 1194 domino
1714 1165 1901 1202 Uguittione
1917 1164 2028 1194 ι11100111
2044 1163 2245 1202 Uguittionis

1288 1218 1373 1248 Butti
1387 1218 1507 1257 judice,
1527 1218 1656 1247 domino
1676 1217 1824 1256 Philippo
1840 1217 2030 1246 Bernardini
2044 1217 2168 1256 judice,
2187 1217 2243 1247 do-

1286 1271 1375 1300 mino
1391 1270 1548 1301 Salvatico
1560 1270 1681 1309 judice,
1696 1271 1825 1300 domiuo
1838 1271 2007 1300 Attaviano
2023 1270 2128 1308 priore
2144 1269 2245 1300 Sanc—

1288 1329 1389 1354 torum
1415 1324 1638 1363 Apostolorum
1664 1324 1701 1353 de
1730 1323 1907 1361 Florentia,
1934 1328 1964 1353 et
1990 1323 2181 1354 Alammano
2208 1323 2246 1353 de

1285 1378 1443 1408 Cremona
1462 1377 1621 1407 familiare
1640 1378 1784 1415 magistri
1803 1377 1934 1416 predicti
1960 1377 2090 1413 Uberti,
2116 1377 2247 1406 testibus

1287 1431 1404 1461 vocatis
1419 1436 1448 1461 et
1464 1431 1593 1468 rogatis.

1327 1485 1364 1514 Et
1379 1493 1436 1522 ego
1454 1483 1607 1514 Nicolaus
1624 1484 1759 1520 Rustici,
1777 1483 1937 1522 imperiali
1956 1483 2142 1513 auctoritate
2160 1486 2245 1512 nota-

1288 1538 1354 1567 rius
1370 1542 1400 1567 et
1417 1546 1502 1566 nunc
1524 1537 1665 1567 notarius
1683 1538 1887 1566 antiauornm
1904 1536 2089 1566 communis
2108 1535 2244 1572 Perusii,

1287 1589 1441 1619 creationi
1468 1589 1600 1627 predicti
1625 1589 1751 1627 syndici
1776 1597 1903 1628 presens
1925 1589 2080 1626 existens,
2111 1589 2248 1628 predicta

1287 1643 1395 1672 onmia
1421 1642 1570 1671 mandato
1593 1642 1750 1672 dictorum
1771 1643 1948 1681 potestatis,
1974 1642 2128 1680 capitanei
2150 1646 2180 1671 et
2203 1646 2247 1671 to-

1289 1696 1351 1725 tius
1374 1695 1513 1731 consilii,
1540 1696 1651 1734 scripsi
1675 1699 1705 1725 et
1728 1695 1922 1725 autenticavi
1943 1700 2069 1733 rogatus
2090 1704 2153 1725 una
2175 1704 2248 1724 cum

1290 1749 1412 1778 notario
1428 1749 1639 1787 infrascripto.

1329 1803 1393 1840 Ego
1414 1803 1502 1831 Paris
1529 1802 1567 1831 de
1590 1802 1715 1841 Spoleto
1743 1802 1886 1832 notarius
1915 1801 2076 1840 publicus,
2102 1801 2250 1840 predictis

1288 1856 1437 1885 omnibus
1462 1856 1603 1887 intertui,
1632 1860 1662 1884 et
1689 1855 1838 1885 mandato
1863 1854 1992 1884 consilii
2017 1854 2149 1893 predicti
2174 1854 2248 1884 sub-

1289 1909 1411 1947 scripsi,
1429 1914 1458 1937 01
1475 1909 1603 1946 signum
1623 1917 1730 1937 meum
1748 1907 1890 1946 apposui.

1734 2022 1761 2051 4.

1333 2123 1386 2151 [111
1405 2122 1533 2151 1101111110
1553 2121 1695 2157 Domini,
1712 2130 1816 2150 amen.
1833 2122 1928 2151 Anno
1942 2121 2083 2159 ejusdem
2100 2130 2118 2149 a
2133 2119 2249 2150 nativi-

1292 2180 1351 2204 tate
1369 2175 1595 2210 M⁰CC⁰LVIIL
1616 2174 1788 2204 indictione
1805 2174 1829 2210 Ι,
1848 2174 1900 2203 die
1918 2174 1962 2203 110
1978 2174 2097 2203 mensis
2109 2172 2251 2210 januarii

1291 2229 1453 2266 intrantis,
1472 2232 1610 2266 tempore
1626 2227 1747 2256 domini
1765 2226 1941 2257 Alexandri
1959 2235 2035 2265 pape
2050 2226 2128 2255 1111.
2151 2226 2252 2256 Nobi-

1292 2281 1374 2310 libus
1395 2281 1470 2310 viris
1496 2305 1513 2309 ..
1536 2284 1684 2319 potestate
1709 2303 1729 2311 ..
1753 2280 1931 2318 capitaneo,
1957 2278 2091 2309 consilio
2113 2288 2147 2308 ac
2167 2287 2251 2309 com-

1292 2344 1390 2363 mune
1408 2333 1574 2363 Perusinis
1594 2343 1647 2371 per
1659 2333 1888 2362 ambassatores
1905 2341 1979 2362 suos
1997 2333 2035 2361 ad
2057 2332 2116 2362 hoc
2133 2332 2252 2371 specia-

1292 2388 1363 2417 liter
1375 2387 1560 2423 destinatos,
1577 2395 1595 2415 a
1611 2387 1811 2416 sanctissimo
1829 2390 1915 2424 patre
1927 2385 2058 2415 domino
2070 2385 2253 2415 Alexandro

1292 2446 1489 2470 sacrosancte
1507 2440 1653 2470 Romane
1670 2439 1800 2469 ecclesie
1815 2447 1942 2469 summo
1962 2438 2110 2477 pontifice
2129 2438 2253 2468 instan-

1294 2499 1339 2524 ter
1356 2494 1536 2533 petentibus
1552 2503 1587 2523 ac
1605 2493 1773 2523 humiliter
1789 2492 2054 2532 supplicantibus,
2071 2496 2106 2522 ut
2122 2492 2252 2522 comita-

1296 2552 1360 2577 tum
1380 2547 1586 2585 Eugubinum
1610 2546 1694 2585 quod
1718 2551 1764 2576 est
1784 2546 1887 2585 ipsius
1910 2545 2042 2575 ecclesie
2064 2544 2199 2583 speciale
2225 2547 2254 2574 et

1293 2600 1332 2629 ad
1347 2600 1448 2639 ipsam
1463 2604 1580 2638 spectat
1597 2599 1763 2629 ecclesiam
1779 2598 1873 2637 pleno
1885 2599 1976 2637 jure,
1995 2598 2084 2636 jura,
2102 2597 2254 2636 jurisdic-

1295 2653 1396 2683 tiones
1419 2657 1448 2682 et
1465 2657 1636 2691 proventus
1659 2652 1758 2691 ipsius
1783 2661 1858 2682 cum
1879 2652 1946 2682 suis
1968 2650 2171 2690 pertinentiis
2193 2650 2254 2689 ipsi

1294 2706 1458 2736 communi
1483 2705 1654 2740 Perusino,
1681 2705 1720 2734 ad
1746 2709 1868 2735 certum
1895 2709 2036 2742 tempus,
2061 2702 2120 2733 sub
2145 2710 2255 2732 annuo

1293 2885 1317 2911 i.
1335 2884 1471 2915 Pei-unse,
1490 2885 1503 2910 ἱ)
1517 2886 1630 2919 janvier
1648 2884 1724 2911 1258.
1741 2897 1775 2904 —·
1790 2883 1926 2915 Theiner,
1946 2890 1975 2909 11Ω
1991 2882 2051 2910 260.
2067 2896 2102 2902 —
2117 2882 2155 2908 Le
2171 2889 2256 2908 sous-

1256 2933 1350 2959 diacre
1367 2932 1478 2959 Hubert
1493 2933 1527 2959 de
1543 2933 1687 2959 Coclienat
1707 2937 1796 2958 remei
1818 2934 1832 2957 a
1855 2932 1878 2958 la
1896 2940 2048 2958 commune
2064 2931 2098 2957 de
2117 2931 2254 2961 Pei-ouse,

1255 2989 1292 3007 au
1310 2990 1373 3007 nom
1391 2981 1427 3008 (111
1446 2991 1515 3016 pape
1533 2981 1694 3007 Alexandr-e
1711 2980 1762 3011 IV,
1786 2981 1810 3006 le
1826 2982 1918 3006 comte
1934 2980 1968 3005 de
1984 2979 2114 3013 Gubbio,
2131 2979 2255 3005 concede

1258 3038 1329 3064 pour
1344 3030 1407 3064 cinq
1425 3039 1486 3056 ansi
