2455 3560
632 367 682 397 LE
705 367 849 397 LIBER
871 367 1103 398 CENSUUM
1126 368 1180 398 DE
1203 358 1389 399 L'IJJGLISE
1412 369 1619 400 ROMAINE.
2123 372 2162 403 33

130 436 198 462 tare
215 433 381 471 presumit,
402 442 455 463 ore
476 432 595 471 polluto
619 438 794 472 protestans
820 433 941 463 nullam
967 433 1089 471 ligandi

127 489 160 516 et
174 485 318 516 solvendi
335 486 441 515 datam
457 486 577 516 Christi
597 486 717 516 vicario
729 490 923 524 potestatem.
943 487 1009 516 Hoc
1020 487 1088 525 qui-

127 538 201 568 dem
217 538 284 577 ipse
299 539 337 568 de
355 538 527 568 Grecorum
549 542 578 568 et
600 539 742 568 Arabum
764 540 1002 569 conversatione
1018 548 1087 568 sus-

129 591 224 629 cepit,
238 591 293 629 qui
309 592 442 629 cun[c]ta
453 593 522 629 ejus
538 590 726 629 applicanda
741 591 885 621 dominio
900 600 935 620 ex
951 591 1088 621 constel-

129 643 307 674 lationibus
322 644 528 680 mentientes,
545 643 577 672 in
596 643 688 673 illum
706 644 881 673 inmersere
901 643 1088 681 gentilitatis

132 704 273 726 errorem
292 701 327 725 ut
349 696 445 725 homo
467 696 652 734 reprobatus
667 705 685 725 a
704 696 841 725 Domino
857 697 922 734 jam
944 705 976 725 se
994 697 1088 725 deum

128 749 166 778 in
189 748 330 778 hominis
346 748 449 786 specie
466 748 654 786 suspicetur,
677 754 784 786 aperta
804 749 994 778 dissertione
1018 757 1088 787 pro-

127 810 252 841 ponens
270 807 331 831 tres
349 802 527 830 truffatores
542 801 576 830 in
592 801 768 830 elusionem
786 801 953 831 hominum
970 811 1087 839 preces-

128 855 219 889 sisse,
238 855 383 892 Moyseu,
401 854 564 883 Christum
581 859 609 883 et
626 854 852 891 Magomettum
873 866 878 883 :
898 855 1028 892 Moysen
1051 864 1086 884 ex

129 907 226 945 aquis
241 911 441 945 assumptum
458 906 556 935 alieni
579 907 668 945 panis
687 907 897 936 subventione
918 909 1086 943 nutritum,

130 960 360 997 Magomettum
390 959 584 988 camelorum
614 959 795 995 custodem,
822 960 931 989 servili
965 961 1087 989 semine

125 1016 332 1050 generatum,
351 1012 407 1050 qui
425 1018 527 1041 tamen
544 1012 607 1041 vite
623 1021 678 1041 sue
696 1021 826 1041 cursum
845 1022 902 1041 sua
921 1013 1088 1050 prudentia

127 1066 163 1095 in
181 1065 285 1095 favore
302 1065 402 1094 seculi
419 1070 628 1103 perege1·unt;
650 1065 798 1094 Christus
814 1074 886 1095 vero
907 1066 985 1095 fabri
1001 1066 1088 1095 filius

124 1123 157 1148 et
180 1117 370 1156 paupercule
397 1117 560 1152 mulieris,
583 1118 622 1146 de
644 1117 722 1146 salsa
744 1118 886 1147 doctrina
909 1119 1085 1154 convictus,

126 1171 232 1201 crucis
243 1171 420 1209 patibulum
434 1180 506 1200 cum
519 1171 739 1210 dampnatitiis
750 1172 940 1209 condignam
955 1172 1087 1202 retribu-

129 1225 248 1254 tionem
269 1225 420 1262 suscepit,
439 1233 533 1262 quem
551 1233 613 1253 non
632 1233 701 1254 esse
716 1224 810 1254 deum
833 1226 1088 1263 persuasionibus

128 1277 267 1306 diversis
289 1277 469 1315 intemptat,
497 1277 647 1306 creatoris
675 1282 705 1306 et
730 1281 872 1307 creature
899 1278 1088 1316 inpossibile

133 1338 281 1359 assereus
299 1330 466 1359 unionenr
480 1331 602 1359 Atcum
618 1338 669 1359 eos
680 1338 807 1367 genere.
822 1330 999 1368 prudentia,
1014 1331 1089 1360 viri-

127 1383 189 1412 bus
204 1388 233 1412 et
248 1383 368 1412 honore
385 1382 551 1420 precedere
568 1383 696 1421 publice
712 1387 900 1421 protestetur
915 1384 970 1422 qui
986 1385 1086 1413 natio-

125 1445 184 1466 nes
195 1436 300 1465 varias
314 1435 552 1474 deceptionibus
569 1441 688 1466 traxere
702 1436 846 1473 diversis,
861 1437 952 1467 facile
967 1442 1089 1476 reputat

128 1488 221 1518 novis
238 1488 353 1517 ritibus
370 1497 421 1517 eos
438 1497 599 1526 superare,
618 1489 790 1523 culturam,
805 1489 838 1518 iu
855 1490 1018 1519 cumulum
1036 1500 1087 1520 er-

125 1541 210 1571 roris
229 1541 382 1575 adiciens,
400 1540 572 1579 apostolice
590 1541 685 1577 sedis,
705 1543 831 1571 truflam
846 1544 911 1581 jam
928 1543 1032 1581 longis
1046 1544 1055 1564 ¹
1071 1553 1088 1573 a

125 1594 241 1624 mundi
256 1594 457 1632 simplicibus
477 1594 652 1630 toleratam,
667 1604 722 1624 sua
734 1596 959 1633 superstitione
971 1596 1086 1628 delere.

165 1647 215 1676 40.
231 1663 269 1669 —
289 1647 348 1676 His
368 1647 581 1676 munimentis
597 1647 743 1677 defensor
758 1648 831 1678 fidei
849 1648 942 1678 [idem
962 1649 1087 1688 impug-

126 1704 262 1729 naturus
277 1704 430 1735 armatur,
450 1699 513 1728 biis
527 1699 723 1730 christianus
738 1701 881 1740 princeps
899 1702 1089 1741 principiis²

127 1753 330 1791 dogmatizat.
355 1753 391 1781 In
414 1752 597 1782 licterarum
618 1762 691 1782 vero
710 1763 839 1783 suarum
861 1755 940 1784 serie
965 1764 1087 1785 venena

125 1806 332 1836 detractionis
362 1805 495 1843 adjecit,
529 1806 747 1835 venerandum
780 1807 961 1844 pontificem
997 1808 1087 1838 illam

122 1868 253 1889 causam
269 1858 494 1888 commotionis
509 1858 626 1887 babere
647 1859 731 1897 quod
749 1859 845 1889 Cesar
860 1860 1031 1898 requisitus
1047 1861 1086 1890 ab

119 1912 190 1951 ipso
209 1911 313 1940 filium
339 1912 483 1950 spurium
506 1912 574 1949 ejus
594 1912 681 1950 nepti
705 1911 848 1950 legitime
870 1913 973 1942 noluit
988 1922 1086 1952 copu-

124 1965 201 1995 lare.
233 1965 294 2000 Qui
320 1964 481 2003 siquidem
509 1965 535 1993 si
563 1966 759 1995 conscientie
788 1975 843 1995 sue
870 1967 956 1995 testis
983 1967 1087 1997 fidelis

121 2017 247 2053 existat,
271 2017 297 2046 si
319 2017 455 2055 deponat
476 2017 618 2047 officium
641 2018 859 2055 detractionis,
883 2019 942 2049 hoc
962 2020 1088 2049 invenit

121 2070 308 2108 frequenter
321 2078 378 2098 sua
390 2070 542 2108 petitione
553 2074 733 2108 porrectum
749 2075 778 2100 et
795 2071 896 2109 ipsius
911 2072 1009 2110 patris
1019 2082 1086 2102 res-

120 2123 279 2162 ponsione
293 2127 457 2159 negatum,
475 2123 556 2152 sicut
570 2123 804 2153 venerabilium
872 2125 1086 2155 Messanensis

121 2179 152 2205 et
220 2175 445 2204 Pauor-mitani
464 2175 777 2214 archiepiscoporum
790 2198 797 2211 ,
816 2177 1086 2207 Theutouicorum

122 2227 310 2265 magistr-N,
336 2227 423 2256 Petri
448 2228 485 2256 de
504 2227 605 2257 Vinea
624 2228 743 2266 judicis
765 2234 795 2258 et
815 2229 951 2259 aliorum
972 2230 1087 2268 quibus

125 2281 214 2311 idem
232 2280 289 2310 hoc
306 2280 569 2319 prosequentium
586 2281 781 2320 injunxerat,
798 2282 930 2312 assertio
948 2283 1086 2312 veridica

122 2333 319 2363 manifestat.
341 2333 408 2362 Nec
432 2333 610 2363 verisimile
631 2333 791 2363 videretur
813 2340 847 2364 ut
868 2344 1013 2365 summus
1032 2346 1086 2374 pa—

120 2390 180 2422 ter,
201 2386 229 2415 si
252 2385 335 2415 circa
360 2386 529 2423 sanguinis
549 2386 712 2424 proximos
734 2387 904 2417 inclinaret
924 2389 1084 2425 allectum,

119 2439 218 2469 homo
234 2438 352 2467 nobilis
370 2438 409 2467 de
424 2439 586 2468 Comitum
604 2448 721 2476 genere
738 2445 862 2478 neptem
876 2449 965 2470 suam
978 2442 1086 2479 spurio

119 2491 293 2530 copularet,
310 2492 402 2530 cujus
419 2492 629 2530 projeuitores
645 2497 748 2530 preter
768 2494 885 2522 summi
906 2495 1085 2532 presulatus

121 2545 262 2575 officium
289 2545 502 2574 nobilioribus
530 2545 624 2575 Urbis
648 2550 678 2574 et
701 2546 876 2585 Canipanie
898 2548 1084 2586 propinqui-

119 2598 194 2627 tatis
204 2597 291 2627 linea
309 2597 398 2626 fuere
414 2598 593 2636 conjuncti.
611 2598 678 2627 Nec
693 2604 770 2628 esta
787 2599 934 2629 falsitatis
950 2601 1024 2630 vitio
1036 2610 1086 2639 pe-

117 2651 287 2688 regrinum
320 2651 405 2689 quod
434 2652 503 2689 ejus
528 2652 723 2681 conscientia
750 2653 872 2682 turbata
894 2654 1085 2692 presumpsit

117 2708 155 2734 ut
170 2703 279 2733 lictere
295 2703 328 2733 in
341 2704 504 2733 audientia
523 2705 735 2734 examinande
751 2706 916 2735 communi
927 2715 1025 2736 manu
1042 2706 1082 2736 la-

119 2756 215 2786 tentis
233 2756 365 2786 artificis
387 2757 420 2786 in
444 2765 570 2787 camera
590 2758 793 2793 cuderentur,
815 2767 888 2788 cum
906 2768 941 2788 ex
957 2764 1082 2798 aposto-

117 2808 181 2839 lice
206 2809 291 2838 sedis
311 2809 478 2848 antiquata
506 2810 672 2840 traditione
696 2817 841 2841 servetur
867 2816 901 2842 ut
924 2812 1082 2842 familiare

109 2927 139 2955 1,
156 2926 283 2961 Passage
299 2928 397 2954 altere.

108 2975 137 3004 2.
153 2976 217 3002 Cotl.
235 2976 381 3010 principiS.

108 3023 138 3051 3.
155 3024 218 3050 eod.
234 3025 381 3058 magister.

216 3085 300 3113 Lmen
320 3086 459 3114 Censuuu.
478 3102 515 3108 —
532 3088 570 3116 ΙΙ.

1211 435 1385 472 negotium,
1400 435 1482 473 quod
1498 436 1708 474 prejudicium
1725 446 1786 467 nou
1804 438 1884 476 sapit
1899 438 2040 472 alterius,
2056 439 2087 467 in
2107 448 2160 476 pu·

1210 486 1327 516 blicum
1344 496 1406 516 nou
1423 487 1596 517 deducatur
1612 498 1755 519 examen.

1249 539 1296 569 41.
1316 556 1354 560 —
1377 540 1413 568 Et
1433 540 1561 578 quidem
1586 542 1756 571 terroribus
1778 546 1910 572 terrores
1931 543 2073 579 innectit,
2093 544 2161 574 vias

1210 593 1323 630 querit,
1345 593 1476 622 consilia
1494 594 1632 630 discutit,
1650 596 1805 632 congestis
1825 596 1963 633 undique
1982 598 2160 635 sumptibus

1209 645 1422 682 premunitur,
1448 650 1480 674 ut
1501 647 1662 675 dominam
1679 647 1842 685 gentium,
1863 649 1981 677 Christi
1999 658 2157 687 sponsam,

1209 698 1411 727 constitutam
1429 707 1522 736 super
1537 705 1644 736 gentes
1663 705 1693 729 et
1708 709 1815 738 regua,
1832 701 1898 730 suis
1909 702 2053 731 detrabat
2068 711 2159 732 cona-

1210 750 1310 785 tibus,
1332 751 1366 779 in
1390 751 1519 780 ruinam
1542 752 1715 782 contundat
1735 754 1964 791 prostitutionis
1989 755 2109 792 injuria
2131 761 2161 785 et

1210 807 1303 842 ponat
1336 804 1497 833 servitutis
1529 806 1695 843 opprobrio
1727 807 1908 836 desolatam.
1941 807 2162 839 Coinminatur

1207 861 1313 894 aperte
1329 862 1471 886 sanctum
1491 857 1564 887 dare
1585 859 1716 888 canibus
1730 864 1759 888 et
1777 861 1988 889 venerandam
2008 862 2158 900 principis

1208 908 1419 947 apostolorum
1450 909 1612 938 basilicam
1643 912 1673 939 iu
1706 920 1833 949 presepe
1855 912 2010 943 desumere
2029 915 2160 951 jumen-

1212 965 1314 990 torum
1329 985 1335 995 ,
1350 967 1584 991 sacrosanctum
1601 963 1697 992 altare
1714 973 1806 1001 supra
1822 974 1932 1002 corpus
1951 967 2083 1004 apostoli
2100 968 2159 996 mi-

1210 1014 1297 1043 rifice
1311 1014 1496 1044 collocatum
1511 1024 1665 1053 equorum
1680 1016 1791 1045 usibus
1807 1018 1972 1055 positurus.
1991 1020 2051 1054 Qui
2064 1020 2159 1049 etiam

1210 1066 1349 1096 Ecclesie
1366 1067 1543 1105 principem
1560 1068 1592 1096 in
1609 1068 1695 1097 illam
1714 1069 1891 1105 inmergere
1909 1070 2062 1107 gloriatur
2076 1080 2161 1109 eges·

1212 1120 1281 1148 tatis
1298 1120 1451 1157 injuriam
1471 1125 1502 1149 ut
1519 1120 1659 1150 cinerem
1676 1130 1729 1159 pro
1745 1130 1859 1151 corona
1876 1123 2041 1161 suscipiat,
2059 1125 2159 1162 spicas

1210 1181 1265 1210 pro
1287 1181 1367 1210 pane
1394 1172 1533 1208 vellicet,
1559 1178 1587 1202 et
1612 1182 1666 1211 pro
1691 1182 1842 1212 equorum
1873 1176 2036 1205 candidata
2058 1177 2159 1214 gloria

1210 1229 1340 1262 cogatur
1355 1234 1486 1263 querere
1502 1225 1678 1264 subjugale,
1694 1227 1725 1255 in
1744 1226 1834 1256 illum
1857 1228 2088 1258 nichilominus
2109 1239 2161 1259 eas

1209 1278 1419 1317 producturus
1437 1278 1608 1314 vindictas,
1628 1279 1743 1317 quibus
1763 1280 1794 1308 iu
1819 1280 1936 1318 primos
1958 1288 2161 1319 erumpentes

1209 1330 1348 1360 Ecclesie
1363 1331 1456 1368 filios,
1473 1331 1659 1368 gentilitatis
1677 1337 1822 1370 tempore,
1841 1334 1970 1362 Cesares
1987 1336 2030 1363 uti
2047 1335 2158 1364 solent.

1209 1384 1269 1420 Qui
1286 1384 1313 1413 si
1334 1383 1489 1413 beneticia
1511 1389 1634 1423 recepta
1652 1385 1816 1421 recoleret,
1833 1387 1857 1414 si
1880 1387 1990 1415 matris
2013 1388 2159 1417 allectum

1207 1437 1399 1474 appenderet
1419 1437 1450 1465 in
1475 1442 1604 1472 statera,
1630 1446 1690 1475 que
1706 1437 1807 1475 ipsius
1828 1439 1994 1476 propitiata
2016 1440 2157 1477 prosecti-

1209 1489 1268 1519 bus
1287 1495 1400 1518 terram
1419 1489 1479 1518 sibi
1496 1489 1637 1527 placabat
1653 1495 1682 1518 et
1701 1491 1814 1526 maria,
1833 1500 1890 1520 nec
1909 1493 2089 1529 emergebat
2105 1493 2160 1522 ob-

1211 1542 1367 1572 staculum
1393 1542 1477 1580 quod
1501 1551 1563 1572 uon
1588 1542 1726 1572 Ecclesie
1747 1543 1888 1573 subsidio
1912 1543 2084 1581 tolleretur,
2105 1555 2162 1575 nec

1211 1599 1352 1633 unquam
1369 1594 1527 1633 repulsam
1543 1595 1644 1632 gratie
1660 1595 1787 1633 pertulit
1803 1596 1945 1633 ejusdem
1963 1598 2079 1635 petitio,
2100 1607 2161 1636 que

1210 1649 1358 1678 comitem
1372 1647 1528 1685 justitiam
1544 1647 1723 1684 habuissem
1741 1657 1776 1677 ac
1790 1649 1986 1686 postmodum
2004 1650 2160 1688 pupillum

1209 1701 1247 1730 de
1258 1701 1461 1739 querentium
1480 1700 1628 1729 manibus
1641 1702 1649 1720 ¹
1664 1701 1793 1739 provida
1809 1702 1902 1730 tutrix
1915 1702 2063 1740 eripiens,
2079 1702 2159 1732 Siei-

1209 1754 1251 1783 lie
1266 1753 1611 1791 regnumamultorum
1627 1754 1826 1791 tirampnide,
1838 1755 1999 1791 presertim
2011 1755 2158 1794 Ottoui[s]

1208 1807 1410 1845 imperatoris
1442 1806 1652 1844 potentissimi
1685 1807 1888 1843 aggressione
1913 1809 2066 1843 servavit,
2096 1817 2159 1846 quo

1208 1860 1308 1898 ipsius
1338 1859 1454 1888 intuitu
1484 1868 1538 1897 per
1564 1859 1703 1897 legatum
1734 1859 1903 1898 apostolice
1934 1860 2016 1889 sedis
2045 1862 2156 1899 ejecto,

1210 1913 1348 1942 eundem
1378 1912 1540 1941 laboribus
1566 1917 1595 1941 et
1626 1912 1770 1949 inpensis
1796 1913 1974 1942 innumeris
2003 1914 2041 1942 ad
2070 1915 2160 1952 iupe-

1210 1966 1251 1995 rii
1277 1966 1417 2004 provexit
1440 1965 1601 2002 fastigium
1619 1966 1684 2002 jam
1711 1965 1868 1994 adultum.
1895 1965 1953 1994 Cui
1975 1967 2100 1996 taudem
2122 1967 2160 1996 de

1207 2018 1408 2058 plenitudiue
1431 2018 1530 2055 gratie
1550 2017 1775 2047 felicissimum
1802 2026 1936 2055 reguum
1959 2018 2159 2048 dei-osolimi-

1209 2078 1319 2102 tanum
1338 2072 1461 2110 adJ‘ecit,
1480 2080 1514 2100 ea
1530 2071 1708 2100 intentione
1725 2071 1887 2100 dumtaxat
1910 2076 1944 2101 ut
1958 2081 2093 2109 reguum
2109 2073 2159 2102 in-

1209 2129 1385 2163 tegraretur
1401 2125 1434 2153 in
1453 2124 1531 2163 ipso,
1550 2127 1579 2153 et
1599 2124 1684 2153 idem
1704 2124 1961 2161 magnificentior
1981 2125 2109 2154 effectus
2125 2126 2159 2154 in

1208 2189 1306 2218 regno
1331 2188 1367 2209 eo
1390 2179 1532 2209 devotior
1558 2188 1629 2208 cum
1651 2179 1751 2216 gratia
1774 2179 1992 2208 retributionis
2009 2180 2160 2218 obsequio

1208 2232 1404 2268 redderetur,
1421 2241 1482 2270 quo
1498 2232 1536 2261 de
1550 2232 1615 2261 sola
1628 2232 1713 2261 sedis
1726 2232 1892 2269 apostolice
1903 2232 2030 2261 dextera
2041 2233 2160 2271 majora

1208 2289 1387 2323 susceperat
1403 2285 1612 2315 incrementa.
1638 2285 1691 2314 Set
1712 2284 1757 2313 sic
1775 2284 1917 2314 confotus
1939 2294 2108 2323 erumpens
2125 2286 2159 2314 in

1207 2338 1354 2376 regulum
1379 2343 1409 2366 et
1433 2338 1518 2366 idem
1541 2336 1799 2375 magnificentior
1823 2337 1965 2373 effectus,
1989 2337 2160 2368 cumulatis

1207 2392 1330 2421 viribus
1346 2395 1489 2429 properat
1501 2399 1658 2420 venenare
1671 2390 1854 2420 sementem.
1866 2391 2059 2429 Hujusmodi
2074 2392 2159 2421 fruc-

1208 2449 1258 2474 tus
1274 2444 1453 2474 mortiferos
1472 2443 1600 2473 cultoris
1621 2443 1745 2481 operosi
1760 2443 1921 2473 laboribus
1940 2443 2046 2482 planta
2063 2453 2157 2474 vene-

1210 2503 1283 2526 nata
1299 2497 1458 2535 producit3
1481 2497 1526 2525 sic
1547 2496 1688 2525 nutritus
1709 2504 1837 2534 serpens
1855 2496 1889 2524 iu
1908 2497 2028 2533 gremio
2046 2505 2158 2526 recon-

1208 2555 1331 2589 pensat.
1355 2550 1421 2579 Hec
1440 2550 1533 2578 matri
1558 2549 1658 2585 filius,
1684 2548 1743 2578 hec
1770 2548 1913 2587 pupillus
1935 2549 2082 2578 retribuit
2103 2557 2158 2587 pro

1209 2604 1316 2639 tut-ela,
1340 2604 1449 2632 miuus
1471 2603 1644 2641 prudenter
1664 2603 1850 2632 examinans
1870 2602 1953 2640 quod
1975 2602 2075 2631 Cham
2097 2612 2157 2641 pu-

1207 2657 1312 2686 denda
1323 2657 1420 2695 patris
1433 2656 1577 2685 fecerunt
1590 2654 1822 2684 maledictionis
1833 2654 1982 2684 heredem
1991 2660 2019 2684 et
2029 2655 2159 2685 Absalo-

1207 2718 1283 2739 nem
1300 2709 1333 2738 in
1348 2709 1445 2747 patris
1464 2708 1579 2738 solium
1595 2708 1786 2746 aspirantem
1800 2707 1914 2736 vindex
1930 2716 2067 2746 quercus
2089 2717 2159 2737 sus-

1204 2762 1314 2801 pendii
1325 2762 1447 2791 vilitate
1461 2761 1604 2800 peremit.
1619 2760 1731 2790 Videat
1741 2760 1838 2798 igitur
1849 2760 2006 2796 subditus,
2019 2761 2159 2790 attendat

1203 2816 1338 2851 amicus,
1364 2814 1416 2844 hic
1436 2814 1588 2852 parvulus
1609 2814 1788 2842 instruatur
1803 2818 1832 2842 et
1848 2821 2001 2850 magnuS,
2025 2813 2101 2851 quid
2119 2814 2157 2843 de

1204 2869 1260 2898 tali
1281 2868 1400 2906 sperari
1420 2867 1532 2896 debeat
1552 2867 1590 2896 de
1617 2875 1680 2905 quo
1701 2872 1802 2895 mater
1826 2867 1949 2903 cogitur
1968 2866 2156 2904 desperare?

1196 3027 1220 3053 1.
1238 3027 1301 3054 Cocl.
1318 3025 1450 3060 panibus.
