<?xml version="1.0" encoding="UTF-8"?>
<!DOCTYPE html PUBLIC "-//W3C//DTD XHTML 1.0 Transitional//EN"
    "http://www.w3.org/TR/xhtml1/DTD/xhtml1-transitional.dtd">
<html xmlns="http://www.w3.org/1999/xhtml" xml:lang="en" lang="en">
 <head>
  <title>
</title>
<meta http-equiv="Content-Type" content="text/html;charset=utf-8" />
  <meta name='ocr-system' content='tesseract 3.04.00' />
  <meta name='ocr-capabilities' content='ocr_page ocr_carea ocr_par ocr_line ocrx_word'/>
</head>
<body>
  <div class='ocr_page' id='page_1' title='image "./lelibercensuumde05fabruoft_0053.png"; bbox 0 0 2455 3560; ppageno 0'>
   <div class='ocr_carea' id='block_1_1' title="bbox 626 363 2161 404">
    <p class='ocr_par' dir='ltr' id='par_1_1' title="bbox 626 363 2161 404">
     <span class='ocr_line' id='line_1_1' title="bbox 626 363 2161 404; baseline 0.006 -9"><span class='ocrx_word' id='word_1_1' title='bbox 626 366 676 396; x_wconf 87' lang='lat' dir='ltr'>LE</span> <span class='ocrx_word' id='word_1_2' title='bbox 700 367 843 397; x_wconf 80' lang='lat' dir='ltr'>LIBER</span> <span class='ocrx_word' id='word_1_3' title='bbox 866 367 1097 398; x_wconf 81' lang='lat' dir='ltr'><strong>CENSUUM</strong></span> <span class='ocrx_word' id='word_1_4' title='bbox 1123 367 1176 397; x_wconf 86' lang='lat' dir='ltr'>DE</span> <span class='ocrx_word' id='word_1_5' title='bbox 1200 363 1385 398; x_wconf 83' lang='lat' dir='ltr'>L&#39;EGLISE</span> <span class='ocrx_word' id='word_1_6' title='bbox 1409 370 1616 400; x_wconf 70' lang='lat' dir='ltr'>ROMAINE.</span> <span class='ocrx_word' id='word_1_7' title='bbox 2125 374 2161 404; x_wconf 81' lang='lat'>45</span> 
     </span>
    </p>
   </div>
   <div class='ocr_carea' id='block_1_2' title="bbox 118 430 1083 1264">
    <p class='ocr_par' dir='ltr' id='par_1_2' title="bbox 121 430 1083 842">
     <span class='ocr_line' id='line_1_2' title="bbox 124 430 1082 472; baseline 0.005 -14"><span class='ocrx_word' id='word_1_8' title='bbox 124 437 249 458; x_wconf 85' lang='lat' dir='ltr'>manarn</span> <span class='ocrx_word' id='word_1_9' title='bbox 286 430 450 460; x_wconf 86' lang='lat' dir='ltr'>eeclesiam</span> <span class='ocrx_word' id='word_1_10' title='bbox 462 453 469 465; x_wconf 89' lang='lat'>,</span> <span class='ocrx_word' id='word_1_11' title='bbox 501 431 729 462; x_wconf 72' lang='lat' dir='ltr'>renunciantes</span> <span class='ocrx_word' id='word_1_12' title='bbox 758 441 883 472; x_wconf 84' lang='lat' dir='ltr'>quoque</span> <span class='ocrx_word' id='word_1_13' title='bbox 915 433 1082 464; x_wconf 87' lang='lat' dir='ltr'>Velleiano</span> 
     </span>
     <span class='ocr_line' id='line_1_3' title="bbox 123 483 1083 516; baseline 0.005 -5"><span class='ocrx_word' id='word_1_14' title='bbox 123 483 396 514; x_wconf 87' lang='lat' dir='ltr'>senatusconsulto</span> <span class='ocrx_word' id='word_1_15' title='bbox 426 489 456 513; x_wconf 91' lang='lat' dir='ltr'>et</span> <span class='ocrx_word' id='word_1_16' title='bbox 489 484 646 515; x_wconf 86' lang='lat' dir='ltr'>beneficio</span> <span class='ocrx_word' id='word_1_17' title='bbox 677 494 757 516; x_wconf 89' lang='lat' dir='ltr'>nove</span> <span class='ocrx_word' id='word_1_18' title='bbox 788 487 1023 516; x_wconf 67' lang='lat' dir='ltr'>constitutionis</span> <span class='ocrx_word' id='word_1_19' title='bbox 1054 490 1083 516; x_wconf 91' lang='lat' dir='ltr'>et</span> 
     </span>
     <span class='ocr_line' id='line_1_4' title="bbox 123 536 1082 578; baseline 0.004 -13"><span class='ocrx_word' id='word_1_20' title='bbox 123 536 212 566; x_wconf 91' lang='lat' dir='ltr'>omni</span> <span class='ocrx_word' id='word_1_21' title='bbox 228 536 281 566; x_wconf 87' lang='lat' dir='ltr'>alii</span> <span class='ocrx_word' id='word_1_22' title='bbox 293 537 427 573; x_wconf 75' lang='lat' dir='ltr'>auxilio,</span> <span class='ocrx_word' id='word_1_23' title='bbox 441 538 662 576; x_wconf 71' lang='lat' dir='ltr'><strong>promittentes</strong></span> <span class='ocrx_word' id='word_1_24' title='bbox 675 539 787 569; x_wconf 89' lang='lat' dir='ltr'>omnia</span> <span class='ocrx_word' id='word_1_25' title='bbox 802 540 1015 578; x_wconf 85' lang='lat' dir='ltr'>suprascripta</span> <span class='ocrx_word' id='word_1_26' title='bbox 1028 548 1082 578; x_wconf 89' lang='lat' dir='ltr'>pro</span> 
     </span>
     <span class='ocr_line' id='line_1_5' title="bbox 123 590 1082 631; baseline 0.003 -12"><span class='ocrx_word' id='word_1_27' title='bbox 123 599 205 627; x_wconf 83' lang='lat' dir='ltr'>sese,</span> <span class='ocrx_word' id='word_1_28' title='bbox 231 590 400 620; x_wconf 82' lang='lat' dir='ltr'>heredibus</span> <span class='ocrx_word' id='word_1_29' title='bbox 417 596 446 620; x_wconf 90' lang='lat' dir='ltr'>et</span> <span class='ocrx_word' id='word_1_30' title='bbox 462 592 698 621; x_wconf 89' lang='lat' dir='ltr'>successoribus</span> <span class='ocrx_word' id='word_1_31' title='bbox 719 601 829 622; x_wconf 89' lang='lat' dir='ltr'>earum</span> <span class='ocrx_word' id='word_1_32' title='bbox 851 597 1000 631; x_wconf 84' lang='lat' dir='ltr'>perpetuo</span> <span class='ocrx_word' id='word_1_33' title='bbox 1016 597 1082 622; x_wconf 82' lang='lat' dir='ltr'>rata</span> 
     </span>
     <span class='ocr_line' id='line_1_6' title="bbox 122 643 1082 684; baseline 0.003 -12"><span class='ocrx_word' id='word_1_34' title='bbox 122 647 152 673; x_wconf 88' lang='lat' dir='ltr'>et</span> <span class='ocrx_word' id='word_1_35' title='bbox 167 643 261 673; x_wconf 79' lang='lat' dir='ltr'>firma</span> <span class='ocrx_word' id='word_1_36' title='bbox 279 643 406 680; x_wconf 82' lang='lat' dir='ltr'>habere,</span> <span class='ocrx_word' id='word_1_37' title='bbox 429 649 546 680; x_wconf 83' lang='lat' dir='ltr'>tenere,</span> <span class='ocrx_word' id='word_1_38' title='bbox 565 645 745 681; x_wconf 82' lang='lat' dir='ltr'>observare,</span> <span class='ocrx_word' id='word_1_39' title='bbox 765 645 952 684; x_wconf 84' lang='lat' dir='ltr'>adimplere,</span> <span class='ocrx_word' id='word_1_40' title='bbox 969 646 1082 675; x_wconf 83' lang='lat' dir='ltr'>defen-</span> 
     </span>
     <span class='ocr_line' id='line_1_7' title="bbox 121 697 1081 735; baseline 0.001 -9"><span class='ocrx_word' id='word_1_41' title='bbox 121 697 196 726; x_wconf 86' lang='lat' dir='ltr'>dere</span> <span class='ocrx_word' id='word_1_42' title='bbox 216 700 246 726; x_wconf 91' lang='lat' dir='ltr'>et</span> <span class='ocrx_word' id='word_1_43' title='bbox 265 701 376 727; x_wconf 87' lang='lat' dir='ltr'>contra</span> <span class='ocrx_word' id='word_1_44' title='bbox 393 705 454 726; x_wconf 90' lang='lat' dir='ltr'>non</span> <span class='ocrx_word' id='word_1_45' title='bbox 481 697 602 733; x_wconf 80' lang='lat' dir='ltr'>venire,</span> <span class='ocrx_word' id='word_1_46' title='bbox 625 698 684 727; x_wconf 89' lang='lat' dir='ltr'>sub</span> <span class='ocrx_word' id='word_1_47' title='bbox 708 697 902 735; x_wconf 80' lang='lat' dir='ltr'>obligatione</span> <span class='ocrx_word' id='word_1_48' title='bbox 923 699 1081 728; x_wconf 86' lang='lat' dir='ltr'>bonorum</span> 
     </span>
     <span class='ocr_line' id='line_1_8' title="bbox 121 749 1082 789; baseline -0.001 -9"><span class='ocrx_word' id='word_1_49' title='bbox 121 758 231 780; x_wconf 90' lang='lat' dir='ltr'>earum</span> <span class='ocrx_word' id='word_1_50' title='bbox 248 754 278 779; x_wconf 89' lang='lat' dir='ltr'>et</span> <span class='ocrx_word' id='word_1_51' title='bbox 296 759 373 789; x_wconf 90' lang='lat' dir='ltr'>pena</span> <span class='ocrx_word' id='word_1_52' title='bbox 399 750 506 789; x_wconf 71' lang='lat' dir='ltr'>dupli:</span> <span class='ocrx_word' id='word_1_53' title='bbox 533 759 596 788; x_wconf 89' lang='lat' dir='ltr'>qua</span> <span class='ocrx_word' id='word_1_54' title='bbox 613 749 715 780; x_wconf 88' lang='lat' dir='ltr'>soluta</span> <span class='ocrx_word' id='word_1_55' title='bbox 735 750 785 780; x_wconf 88' lang='lat' dir='ltr'>vel</span> <span class='ocrx_word' id='word_1_56' title='bbox 802 759 881 786; x_wconf 91' lang='lat' dir='ltr'>non,</span> <span class='ocrx_word' id='word_1_57' title='bbox 901 750 959 780; x_wconf 86' lang='lat' dir='ltr'>hec</span> <span class='ocrx_word' id='word_1_58' title='bbox 973 751 1082 780; x_wconf 88' lang='lat' dir='ltr'>omnia</span> 
     </span>
     <span class='ocr_line' id='line_1_9' title="bbox 121 802 665 842; baseline 0 -10"><span class='ocrx_word' id='word_1_59' title='bbox 121 802 354 833; x_wconf 81' lang='lat' dir='ltr'><strong>nichilominus</strong></span> <span class='ocrx_word' id='word_1_60' title='bbox 369 803 462 832; x_wconf 82' lang='lat' dir='ltr'>firma</span> <span class='ocrx_word' id='word_1_61' title='bbox 481 803 665 842; x_wconf 78' lang='lat' dir='ltr'>perdurent.</span> 
     </span>
    </p>

    <p class='ocr_par' dir='ltr' id='par_1_3' title="bbox 119 855 1082 1052">
     <span class='ocr_line' id='line_1_10' title="bbox 160 855 1081 894; baseline 0.002 -10"><span class='ocrx_word' id='word_1_62' title='bbox 160 857 276 885; x_wconf 89' lang='lat' dir='ltr'>Actum</span> <span class='ocrx_word' id='word_1_63' title='bbox 298 860 371 884; x_wconf 86' lang='lat' dir='ltr'>ante</span> <span class='ocrx_word' id='word_1_64' title='bbox 391 855 520 884; x_wconf 88' lang='lat' dir='ltr'>domum</span> <span class='ocrx_word' id='word_1_65' title='bbox 538 855 752 893; x_wconf 85' lang='lat' dir='ltr'>predictorum</span> <span class='ocrx_word' id='word_1_66' title='bbox 769 856 991 891; x_wconf 87' lang='lat' dir='ltr'>venditorum,</span> <span class='ocrx_word' id='word_1_67' title='bbox 1011 865 1081 894; x_wconf 87' lang='lat' dir='ltr'>pre-</span> 
     </span>
     <span class='ocr_line' id='line_1_11' title="bbox 120 908 1082 944; baseline 0 -6"><span class='ocrx_word' id='word_1_68' title='bbox 120 908 264 938; x_wconf 86' lang='lat' dir='ltr'>sentibus</span> <span class='ocrx_word' id='word_1_69' title='bbox 295 908 441 938; x_wconf 88' lang='lat' dir='ltr'>Petrucio</span> <span class='ocrx_word' id='word_1_70' title='bbox 471 908 594 938; x_wconf 88' lang='lat' dir='ltr'>Nicolai</span> <span class='ocrx_word' id='word_1_71' title='bbox 626 909 754 938; x_wconf 89' lang='lat' dir='ltr'>Andree</span> <span class='ocrx_word' id='word_1_72' title='bbox 766 932 773 944; x_wconf 75' lang='grc'>,</span> <span class='ocrx_word' id='word_1_73' title='bbox 807 909 899 938; x_wconf 88' lang='lat' dir='ltr'>Petro</span> <span class='ocrx_word' id='word_1_74' title='bbox 933 909 1023 938; x_wconf 86' lang='lat' dir='ltr'>Buxa</span> <span class='ocrx_word' id='word_1_75' title='bbox 1052 913 1082 938; x_wconf 89' lang='lat' dir='ltr'>et</span> 
     </span>
     <span class='ocr_line' id='line_1_12' title="bbox 120 961 1081 1000; baseline 0.002 -10"><span class='ocrx_word' id='word_1_76' title='bbox 120 961 233 999; x_wconf 87' lang='lat' dir='ltr'>Egidio</span> <span class='ocrx_word' id='word_1_77' title='bbox 247 961 392 991; x_wconf 88' lang='lat' dir='ltr'>Oddonis</span> <span class='ocrx_word' id='word_1_78' title='bbox 404 961 490 996; x_wconf 85' lang='lat' dir='ltr'>Pice,</span> <span class='ocrx_word' id='word_1_79' title='bbox 506 961 638 991; x_wconf 85' lang='lat' dir='ltr'>testibus</span> <span class='ocrx_word' id='word_1_80' title='bbox 650 961 688 991; x_wconf 87' lang='lat' dir='ltr'>ad</span> <span class='ocrx_word' id='word_1_81' title='bbox 701 961 758 991; x_wconf 87' lang='lat' dir='ltr'>hec</span> <span class='ocrx_word' id='word_1_82' title='bbox 771 961 950 1000; x_wconf 75' lang='lat' dir='ltr'>specialiter</span> <span class='ocrx_word' id='word_1_83' title='bbox 963 963 1081 992; x_wconf 87' lang='lat' dir='ltr'>vocatis</span> 
     </span>
     <span class='ocr_line' id='line_1_13' title="bbox 119 1015 289 1052; baseline -0.006 -8"><span class='ocrx_word' id='word_1_84' title='bbox 119 1018 149 1044; x_wconf 85' lang='lat' dir='ltr'>et</span> <span class='ocrx_word' id='word_1_85' title='bbox 161 1015 289 1052; x_wconf 85' lang='lat' dir='ltr'>rogatis.</span> 
     </span>
    </p>

    <p class='ocr_par' dir='ltr' id='par_1_4' title="bbox 118 1067 1081 1264">
     <span class='ocr_line' id='line_1_14' title="bbox 160 1067 1081 1106; baseline 0.001 -10"><span class='ocrx_word' id='word_1_86' title='bbox 160 1067 224 1105; x_wconf 81' lang='lat' dir='ltr'>Ego</span> <span class='ocrx_word' id='word_1_87' title='bbox 241 1067 423 1106; x_wconf 84' lang='lat' dir='ltr'>Stephanus</span> <span class='ocrx_word' id='word_1_88' title='bbox 437 1067 599 1097; x_wconf 62' lang='lat' dir='ltr'>,Iohannis</span> <span class='ocrx_word' id='word_1_89' title='bbox 615 1067 791 1104; x_wconf 86' lang='lat' dir='ltr'>Gnidonis‚</span> <span class='ocrx_word' id='word_1_90' title='bbox 812 1071 920 1097; x_wconf 86' lang='lat' dir='ltr'>sancte</span> <span class='ocrx_word' id='word_1_91' title='bbox 936 1068 1081 1098; x_wconf 83' lang='lat' dir='ltr'>Romane</span> 
     </span>
     <span class='ocr_line' id='line_1_15' title="bbox 119 1119 1079 1158; baseline -0.001 -8"><span class='ocrx_word' id='word_1_92' title='bbox 119 1119 250 1150; x_wconf 79' lang='lat' dir='ltr'>ecclesie</span> <span class='ocrx_word' id='word_1_93' title='bbox 266 1120 454 1150; x_wconf 83' lang='lat' dir='ltr'>scriniarius</span> <span class='ocrx_word' id='word_1_94' title='bbox 469 1123 499 1150; x_wconf 91' lang='lat' dir='ltr'>et</span> <span class='ocrx_word' id='word_1_95' title='bbox 511 1120 624 1158; x_wconf 82' lang='lat' dir='ltr'>judex,</span> <span class='ocrx_word' id='word_1_96' title='bbox 647 1120 795 1158; x_wconf 74' lang='lat' dir='ltr'>predictis</span> <span class='ocrx_word' id='word_1_97' title='bbox 810 1120 962 1150; x_wconf 90' lang='lat' dir='ltr'>omnibus</span> <span class='ocrx_word' id='word_1_98' title='bbox 976 1120 1079 1150; x_wconf 90' lang='lat' dir='ltr'>inter-</span> 
     </span>
     <span class='ocr_line' id='line_1_16' title="bbox 118 1172 1078 1212; baseline -0.001 -9"><span class='ocrx_word' id='word_1_99' title='bbox 118 1173 181 1207; x_wconf 81' lang='lat' dir='ltr'>fui.</span> <span class='ocrx_word' id='word_1_100' title='bbox 201 1173 314 1212; x_wconf 84' lang='lat' dir='ltr'>scripsi</span> <span class='ocrx_word' id='word_1_101' title='bbox 330 1177 360 1203; x_wconf 87' lang='lat' dir='ltr'>et</span> <span class='ocrx_word' id='word_1_102' title='bbox 375 1172 537 1212; x_wconf 82' lang='lat' dir='ltr'>publicavi</span> <span class='ocrx_word' id='word_1_103' title='bbox 553 1176 697 1211; x_wconf 85' lang='lat' dir='ltr'>rogatus,</span> <span class='ocrx_word' id='word_1_104' title='bbox 715 1172 750 1202; x_wconf 89' lang='lat' dir='ltr'>in</span> <span class='ocrx_word' id='word_1_105' title='bbox 767 1181 869 1209; x_wconf 81' lang='lat' dir='ltr'>anno,</span> <span class='ocrx_word' id='word_1_106' title='bbox 886 1173 1078 1210; x_wconf 71' lang='lat' dir='ltr'>indictione,</span> 
     </span>
     <span class='ocr_line' id='line_1_17' title="bbox 118 1225 515 1264; baseline -0.005 -8"><span class='ocrx_word' id='word_1_107' title='bbox 118 1235 228 1256; x_wconf 88' lang='lat' dir='ltr'>mense</span> <span class='ocrx_word' id='word_1_108' title='bbox 244 1230 274 1255; x_wconf 89' lang='lat' dir='ltr'>et</span> <span class='ocrx_word' id='word_1_109' title='bbox 288 1226 340 1256; x_wconf 89' lang='lat' dir='ltr'>die</span> <span class='ocrx_word' id='word_1_110' title='bbox 358 1225 515 1264; x_wconf 88' lang='lat' dir='ltr'>predictis.</span> 
     </span>
    </p>
   </div>
   <div class='ocr_carea' id='block_1_3' title="bbox 562 1340 591 1370">
    <p class='ocr_par' dir='ltr' id='par_1_5' title="bbox 562 1340 591 1370">
     <span class='ocr_line' id='line_1_18' title="bbox 562 1340 591 1370; baseline 0.069 -2"><span class='ocrx_word' id='word_1_111' title='bbox 562 1340 591 1370; x_wconf 69' lang='lat'>2.</span> 
     </span>
    </p>
   </div>
   <div class='ocr_carea' id='block_1_4' title="bbox 113 1441 1079 2699">
    <p class='ocr_par' dir='ltr' id='par_1_6' title="bbox 114 1441 1079 2372">
     <span class='ocr_line' id='line_1_19' title="bbox 157 1441 1079 1472; baseline 0.001 -1"><span class='ocrx_word' id='word_1_112' title='bbox 157 1442 195 1471; x_wconf 89' lang='lat' dir='ltr'>In</span> <span class='ocrx_word' id='word_1_113' title='bbox 215 1443 224 1462; x_wconf 90' lang='lat'><strong>¹</strong></span> <span class='ocrx_word' id='word_1_114' title='bbox 255 1442 386 1471; x_wconf 87' lang='lat' dir='ltr'>nomine</span> <span class='ocrx_word' id='word_1_115' title='bbox 415 1441 547 1471; x_wconf 89' lang='lat' dir='ltr'>Domini</span> <span class='ocrx_word' id='word_1_116' title='bbox 552 1463 613 1470; x_wconf 91' lang='grc'><em>.....</em></span> <span class='ocrx_word' id='word_1_117' title='bbox 644 1441 747 1470; x_wconf 81' lang='lat' dir='ltr'>Maria</span> <span class='ocrx_word' id='word_1_118' title='bbox 773 1445 804 1470; x_wconf 87' lang='lat' dir='ltr'>et</span> <span class='ocrx_word' id='word_1_119' title='bbox 826 1441 976 1471; x_wconf 77' lang='lat' dir='ltr'>Johanna</span> <span class='ocrx_word' id='word_1_120' title='bbox 1000 1450 1079 1472; x_wconf 80' lang='lat' dir='ltr'>uxor</span> 
     </span>
     <span class='ocr_line' id='line_1_20' title="bbox 117 1493 1078 1534; baseline 0 -9"><span class='ocrx_word' id='word_1_121' title='bbox 117 1494 278 1534; x_wconf 86' lang='lat' dir='ltr'>quondam</span> <span class='ocrx_word' id='word_1_122' title='bbox 296 1494 436 1524; x_wconf 82' lang='lat' dir='ltr'>Scambii</span> <span class='ocrx_word' id='word_1_123' title='bbox 451 1494 489 1524; x_wconf 91' lang='lat' dir='ltr'>de</span> <span class='ocrx_word' id='word_1_124' title='bbox 506 1493 607 1533; x_wconf 84' lang='lat' dir='ltr'>platea</span> <span class='ocrx_word' id='word_1_125' title='bbox 623 1494 660 1523; x_wconf 89' lang='lat' dir='ltr'>de</span> <span class='ocrx_word' id='word_1_126' title='bbox 677 1493 849 1532; x_wconf 88' lang='lat' dir='ltr'>Apothecis</span> <span class='ocrx_word' id='word_1_127' title='bbox 869 1494 962 1524; x_wconf 88' lang='lat' dir='ltr'>castri</span> <span class='ocrx_word' id='word_1_128' title='bbox 978 1495 1078 1525; x_wconf 90' lang='lat' dir='ltr'>sancti</span> 
     </span>
     <span class='ocr_line' id='line_1_21' title="bbox 117 1546 1079 1586; baseline 0.001 -9"><span class='ocrx_word' id='word_1_129' title='bbox 117 1547 254 1586; x_wconf 84' lang='lat' dir='ltr'>Angeli‚</span> <span class='ocrx_word' id='word_1_130' title='bbox 272 1548 365 1577; x_wconf 88' lang='lat' dir='ltr'>ambe</span> <span class='ocrx_word' id='word_1_131' title='bbox 381 1546 478 1576; x_wconf 87' lang='lat' dir='ltr'>simul</span> <span class='ocrx_word' id='word_1_132' title='bbox 501 1552 531 1577; x_wconf 90' lang='lat' dir='ltr'>et</span> <span class='ocrx_word' id='word_1_133' title='bbox 553 1546 694 1585; x_wconf 86' lang='lat' dir='ltr'>quelibet</span> <span class='ocrx_word' id='word_1_134' title='bbox 711 1556 822 1577; x_wconf 89' lang='lat' dir='ltr'>earum</span> <span class='ocrx_word' id='word_1_135' title='bbox 839 1547 873 1576; x_wconf 88' lang='lat' dir='ltr'>in</span> <span class='ocrx_word' id='word_1_136' title='bbox 892 1547 1029 1577; x_wconf 88' lang='lat' dir='ltr'>solidum</span> <span class='ocrx_word' id='word_1_137' title='bbox 1049 1552 1079 1578; x_wconf 87' lang='lat' dir='ltr'>et</span> 
     </span>
     <span class='ocr_line' id='line_1_22' title="bbox 118 1600 1077 1639; baseline 0.001 -9"><span class='ocrx_word' id='word_1_138' title='bbox 118 1610 182 1631; x_wconf 93' lang='lat' dir='ltr'>una</span> <span class='ocrx_word' id='word_1_139' title='bbox 206 1601 295 1630; x_wconf 89' lang='lat' dir='ltr'>alteri</span> <span class='ocrx_word' id='word_1_140' title='bbox 319 1600 559 1634; x_wconf 75' lang='lat' dir='ltr'>consentiendo,</span> <span class='ocrx_word' id='word_1_141' title='bbox 587 1608 696 1630; x_wconf 87' lang='lat' dir='ltr'>earum</span> <span class='ocrx_word' id='word_1_142' title='bbox 721 1600 814 1630; x_wconf 83' lang='lat' dir='ltr'>bonis</span> <span class='ocrx_word' id='word_1_143' title='bbox 838 1604 868 1630; x_wconf 85' lang='lat' dir='ltr'>et</span> <span class='ocrx_word' id='word_1_144' title='bbox 891 1601 1077 1639; x_wconf 87' lang='lat' dir='ltr'>spontaneis</span> 
     </span>
     <span class='ocr_line' id='line_1_23' title="bbox 117 1652 1078 1689; baseline 0 -6"><span class='ocrx_word' id='word_1_145' title='bbox 117 1653 337 1684; x_wconf 77' lang='lat' dir='ltr'>voluntatibus</span> <span class='ocrx_word' id='word_1_146' title='bbox 359 1652 594 1689; x_wconf 84' lang='lat' dir='ltr'>vendiderunt,</span> <span class='ocrx_word' id='word_1_147' title='bbox 619 1653 776 1682; x_wconf 87' lang='lat' dir='ltr'>dederunt</span> <span class='ocrx_word' id='word_1_148' title='bbox 797 1657 826 1682; x_wconf 85' lang='lat' dir='ltr'>et</span> <span class='ocrx_word' id='word_1_149' title='bbox 852 1658 1078 1684; x_wconf 83' lang='lat' dir='ltr'>concesserunt</span> 
     </span>
     <span class='ocr_line' id='line_1_24' title="bbox 117 1705 1075 1744; baseline 0 -8"><span class='ocrx_word' id='word_1_150' title='bbox 117 1706 294 1737; x_wconf 86' lang='lat' dir='ltr'>venerabili</span> <span class='ocrx_word' id='word_1_151' title='bbox 309 1706 377 1736; x_wconf 88' lang='lat' dir='ltr'>viro</span> <span class='ocrx_word' id='word_1_152' title='bbox 391 1706 519 1736; x_wconf 92' lang='lat' dir='ltr'>domino</span> <span class='ocrx_word' id='word_1_153' title='bbox 537 1705 676 1735; x_wconf 87' lang='lat' dir='ltr'>Berardo</span> <span class='ocrx_word' id='word_1_154' title='bbox 692 1705 827 1744; x_wconf 85' lang='lat' dir='ltr'>plebano</span> <span class='ocrx_word' id='word_1_155' title='bbox 840 1705 942 1744; x_wconf 89' lang='lat' dir='ltr'>plebis</span> <span class='ocrx_word' id='word_1_156' title='bbox 960 1706 999 1736; x_wconf 90' lang='lat' dir='ltr'>de</span> <span class='ocrx_word' id='word_1_157' title='bbox 1016 1707 1075 1736; x_wconf 89' lang='lat' dir='ltr'>Fa-</span> 
     </span>
     <span class='ocr_line' id='line_1_25' title="bbox 117 1758 1077 1798; baseline -0.001 -8"><span class='ocrx_word' id='word_1_158' title='bbox 117 1760 206 1790; x_wconf 87' lang='lat' dir='ltr'>veria</span> <span class='ocrx_word' id='word_1_159' title='bbox 221 1759 345 1790; x_wconf 89' lang='lat' dir='ltr'>domiui</span> <span class='ocrx_word' id='word_1_160' title='bbox 359 1767 437 1797; x_wconf 84' lang='lat' dir='ltr'>pape</span> <span class='ocrx_word' id='word_1_161' title='bbox 448 1758 623 1788; x_wconf 89' lang='lat' dir='ltr'>camerario</span> <span class='ocrx_word' id='word_1_162' title='bbox 628 1781 699 1794; x_wconf 84' lang='grc'>......</span> <span class='ocrx_word' id='word_1_163' title='bbox 715 1758 749 1788; x_wconf 92' lang='lat' dir='ltr'>id</span> <span class='ocrx_word' id='word_1_164' title='bbox 765 1763 810 1788; x_wconf 87' lang='lat' dir='ltr'>est</span> <span class='ocrx_word' id='word_1_165' title='bbox 825 1763 871 1788; x_wconf 90' lang='lat' dir='ltr'>est</span> <span class='ocrx_word' id='word_1_166' title='bbox 884 1759 961 1788; x_wconf 86' lang='lat' dir='ltr'>duas</span> <span class='ocrx_word' id='word_1_167' title='bbox 975 1760 1077 1798; x_wconf 89' lang='lat' dir='ltr'>petias</span> 
     </span>
     <span class='ocr_line' id='line_1_26' title="bbox 116 1811 1076 1851; baseline 0 -9"><span class='ocrx_word' id='word_1_168' title='bbox 116 1813 288 1842; x_wconf 89' lang='lat' dir='ltr'>vinearum</span> <span class='ocrx_word' id='word_1_169' title='bbox 306 1817 337 1842; x_wconf 86' lang='lat' dir='ltr'>et</span> <span class='ocrx_word' id='word_1_170' title='bbox 351 1811 529 1847; x_wconf 74' lang='lat' dir='ltr'>dimidiam,</span> <span class='ocrx_word' id='word_1_171' title='bbox 553 1815 675 1841; x_wconf 88' lang='lat' dir='ltr'>tantum</span> <span class='ocrx_word' id='word_1_172' title='bbox 690 1811 825 1846; x_wconf 86' lang='lat' dir='ltr'>vitunm,</span> <span class='ocrx_word' id='word_1_173' title='bbox 838 1811 870 1840; x_wconf 92' lang='lat' dir='ltr'>in</span> <span class='ocrx_word' id='word_1_174' title='bbox 887 1812 1076 1851; x_wconf 87' lang='lat' dir='ltr'>proprietate</span> 
     </span>
     <span class='ocr_line' id='line_1_27' title="bbox 117 1864 1073 1904; baseline -0.001 -8"><span class='ocrx_word' id='word_1_175' title='bbox 117 1865 249 1896; x_wconf 85' lang='lat' dir='ltr'>ecclesie</span> <span class='ocrx_word' id='word_1_176' title='bbox 265 1865 421 1899; x_wconf 81' lang='lat' dir='ltr'>Romane,</span> <span class='ocrx_word' id='word_1_177' title='bbox 441 1873 504 1904; x_wconf 85' lang='lat' dir='ltr'>que</span> <span class='ocrx_word' id='word_1_178' title='bbox 521 1864 598 1894; x_wconf 89' lang='lat' dir='ltr'>olim</span> <span class='ocrx_word' id='word_1_179' title='bbox 618 1865 677 1894; x_wconf 89' lang='lat' dir='ltr'>suit</span> <span class='ocrx_word' id='word_1_180' title='bbox 690 1864 820 1894; x_wconf 89' lang='lat' dir='ltr'>ecclesie</span> <span class='ocrx_word' id='word_1_181' title='bbox 837 1865 939 1894; x_wconf 82' lang='lat' dir='ltr'>sancti</span> <span class='ocrx_word' id='word_1_182' title='bbox 955 1866 1073 1904; x_wconf 86' lang='lat' dir='ltr'>Egidii,</span> 
     </span>
     <span class='ocr_line' id='line_1_28' title="bbox 116 1917 1076 1958; baseline 0.001 -10"><span class='ocrx_word' id='word_1_183' title='bbox 116 1918 232 1957; x_wconf 82' lang='lat' dir='ltr'>positas</span> <span class='ocrx_word' id='word_1_184' title='bbox 248 1923 334 1948; x_wconf 79' lang='lat' dir='ltr'>extra</span> <span class='ocrx_word' id='word_1_185' title='bbox 350 1922 469 1957; x_wconf 88' lang='lat' dir='ltr'>portam</span> <span class='ocrx_word' id='word_1_186' title='bbox 488 1919 628 1948; x_wconf 82' lang='lat' dir='ltr'>Auream</span> <span class='ocrx_word' id='word_1_187' title='bbox 646 1918 678 1947; x_wconf 94' lang='lat' dir='ltr'>in</span> <span class='ocrx_word' id='word_1_188' title='bbox 694 1919 802 1948; x_wconf 88' lang='lat' dir='ltr'>Monte</span> <span class='ocrx_word' id='word_1_189' title='bbox 816 1917 980 1954; x_wconf 85' lang='lat' dir='ltr'>Geretulo‚</span> <span class='ocrx_word' id='word_1_190' title='bbox 999 1929 1076 1958; x_wconf 89' lang='lat' dir='ltr'>qua—</span> 
     </span>
     <span class='ocr_line' id='line_1_29' title="bbox 115 1971 1075 2003; baseline 0.001 -1"><span class='ocrx_word' id='word_1_191' title='bbox 115 1981 185 2002; x_wconf 86' lang='lat' dir='ltr'>rum</span> <span class='ocrx_word' id='word_1_192' title='bbox 201 1972 352 2002; x_wconf 81' lang='lat' dir='ltr'>dixerunt</span> <span class='ocrx_word' id='word_1_193' title='bbox 369 1981 437 2001; x_wconf 91' lang='lat' dir='ltr'>esse</span> <span class='ocrx_word' id='word_1_194' title='bbox 457 1971 534 2001; x_wconf 86' lang='lat' dir='ltr'>tales</span> <span class='ocrx_word' id='word_1_195' title='bbox 554 1971 707 2001; x_wconf 86' lang='lat' dir='ltr'>confines.</span> <span class='ocrx_word' id='word_1_196' title='bbox 730 1972 817 2001; x_wconf 88' lang='lat' dir='ltr'>Inter</span> <span class='ocrx_word' id='word_1_197' title='bbox 833 1972 890 2002; x_wconf 88' lang='lat' dir='ltr'>bos</span> <span class='ocrx_word' id='word_1_198' title='bbox 906 1972 987 2002; x_wconf 89' lang='lat' dir='ltr'>fines</span> <span class='ocrx_word' id='word_1_199' title='bbox 1010 1982 1016 2002; x_wconf 91' lang='lat'>:</span> <span class='ocrx_word' id='word_1_200' title='bbox 1036 1973 1075 2003; x_wconf 88' lang='lat' dir='ltr'>ab</span> 
     </span>
     <span class='ocr_line' id='line_1_30' title="bbox 115 2024 1075 2064; baseline 0 -9"><span class='ocrx_word' id='word_1_201' title='bbox 115 2034 178 2055; x_wconf 92' lang='lat' dir='ltr'>uno</span> <span class='ocrx_word' id='word_1_202' title='bbox 193 2025 291 2055; x_wconf 89' lang='lat' dir='ltr'>latere</span> <span class='ocrx_word' id='word_1_203' title='bbox 304 2029 390 2054; x_wconf 87' lang='lat' dir='ltr'>tenet</span> <span class='ocrx_word' id='word_1_204' title='bbox 404 2024 590 2054; x_wconf 87' lang='lat' dir='ltr'>Leonardus</span> <span class='ocrx_word' id='word_1_205' title='bbox 606 2024 787 2054; x_wconf 81' lang='lat' dir='ltr'>Piczolinu&#39;s</span> <span class='ocrx_word' id='word_1_206' title='bbox 803 2024 880 2054; x_wconf 88' lang='lat' dir='ltr'>olim</span> <span class='ocrx_word' id='word_1_207' title='bbox 894 2025 976 2064; x_wconf 75' lang='lat' dir='ltr'>Juris</span> <span class='ocrx_word' id='word_1_208' title='bbox 992 2025 1075 2055; x_wconf 87' lang='lat' dir='ltr'>dicte</span> 
     </span>
     <span class='ocr_line' id='line_1_31' title="bbox 115 2077 1073 2116; baseline -0.001 -8"><span class='ocrx_word' id='word_1_209' title='bbox 115 2078 247 2108; x_wconf 85' lang='lat' dir='ltr'>ecclesie</span> <span class='ocrx_word' id='word_1_210' title='bbox 263 2078 364 2108; x_wconf 87' lang='lat' dir='ltr'>sancti</span> <span class='ocrx_word' id='word_1_211' title='bbox 384 2078 489 2116; x_wconf 88' lang='lat' dir='ltr'>Egidii</span> <span class='ocrx_word' id='word_1_212' title='bbox 505 2081 536 2107; x_wconf 92' lang='lat' dir='ltr'>et</span> <span class='ocrx_word' id='word_1_213' title='bbox 558 2086 644 2107; x_wconf 86' lang='lat' dir='ltr'>nunc</span> <span class='ocrx_word' id='word_1_214' title='bbox 664 2077 746 2106; x_wconf 88' lang='lat' dir='ltr'>dicte</span> <span class='ocrx_word' id='word_1_215' title='bbox 769 2077 899 2107; x_wconf 86' lang='lat' dir='ltr'>ecclesie</span> <span class='ocrx_word' id='word_1_216' title='bbox 918 2078 1073 2115; x_wconf 84' lang='lat' dir='ltr'>Romane,</span> 
     </span>
     <span class='ocr_line' id='line_1_32' title="bbox 117 2129 1074 2161; baseline 0 0"><span class='ocrx_word' id='word_1_217' title='bbox 117 2131 196 2161; x_wconf 88' lang='lat' dir='ltr'>etab</span> <span class='ocrx_word' id='word_1_218' title='bbox 211 2131 273 2161; x_wconf 92' lang='lat' dir='ltr'>alio</span> <span class='ocrx_word' id='word_1_219' title='bbox 287 2139 367 2161; x_wconf 85' lang='lat' dir='ltr'>uxor</span> <span class='ocrx_word' id='word_1_220' title='bbox 385 2130 485 2160; x_wconf 82' lang='lat' dir='ltr'>Blasii</span> <span class='ocrx_word' id='word_1_221' title='bbox 505 2130 667 2160; x_wconf 87' lang='lat' dir='ltr'>Johannis</span> <span class='ocrx_word' id='word_1_222' title='bbox 688 2129 802 2160; x_wconf 91' lang='lat' dir='ltr'>Bobuli</span> <span class='ocrx_word' id='word_1_223' title='bbox 822 2135 851 2159; x_wconf 90' lang='lat' dir='ltr'>et</span> <span class='ocrx_word' id='word_1_224' title='bbox 869 2131 982 2160; x_wconf 84' lang='lat' dir='ltr'>Petrus</span> <span class='ocrx_word' id='word_1_225' title='bbox 998 2131 1074 2161; x_wconf 87' lang='lat' dir='ltr'>Pas-</span> 
     </span>
     <span class='ocr_line' id='line_1_33' title="bbox 115 2182 1075 2222; baseline 0 -8"><span class='ocrx_word' id='word_1_226' title='bbox 115 2193 182 2220; x_wconf 86' lang='lat' dir='ltr'>cus,</span> <span class='ocrx_word' id='word_1_227' title='bbox 209 2188 238 2213; x_wconf 88' lang='lat' dir='ltr'>et</span> <span class='ocrx_word' id='word_1_228' title='bbox 262 2183 301 2213; x_wconf 87' lang='lat' dir='ltr'>ab</span> <span class='ocrx_word' id='word_1_229' title='bbox 318 2183 380 2213; x_wconf 88' lang='lat' dir='ltr'>alio</span> <span class='ocrx_word' id='word_1_230' title='bbox 407 2183 458 2212; x_wconf 89' lang='lat' dir='ltr'>via</span> <span class='ocrx_word' id='word_1_231' title='bbox 484 2182 652 2220; x_wconf 83' lang='lat' dir='ltr'>vicinalis;</span> <span class='ocrx_word' id='word_1_232' title='bbox 680 2183 719 2212; x_wconf 88' lang='lat' dir='ltr'>ad</span> <span class='ocrx_word' id='word_1_233' title='bbox 748 2182 930 2212; x_wconf 87' lang='lat' dir='ltr'>babendum</span> <span class='ocrx_word' id='word_1_234' title='bbox 937 2205 997 2213; x_wconf 92' lang='grc'><strong>.....</strong></span> <span class='ocrx_word' id='word_1_235' title='bbox 1020 2192 1075 2222; x_wconf 90' lang='lat' dir='ltr'>pro</span> 
     </span>
     <span class='ocr_line' id='line_1_34' title="bbox 115 2235 1075 2275; baseline -0.001 -8"><span class='ocrx_word' id='word_1_236' title='bbox 115 2237 215 2275; x_wconf 86' lang='lat' dir='ltr'>pretio</span> <span class='ocrx_word' id='word_1_237' title='bbox 235 2237 345 2266; x_wconf 88' lang='lat' dir='ltr'>decem</span> <span class='ocrx_word' id='word_1_238' title='bbox 368 2235 524 2265; x_wconf 87' lang='lat' dir='ltr'>librarum</span> <span class='ocrx_word' id='word_1_239' title='bbox 543 2235 699 2265; x_wconf 88' lang='lat' dir='ltr'>bonorum</span> <span class='ocrx_word' id='word_1_240' title='bbox 718 2236 961 2274; x_wconf 89' lang='lat' dir='ltr'>provesinorum</span> <span class='ocrx_word' id='word_1_241' title='bbox 981 2245 1075 2266; x_wconf 85' lang='lat' dir='ltr'>sena-</span> 
     </span>
     <span class='ocr_line' id='line_1_35' title="bbox 115 2287 1076 2327; baseline -0.001 -7"><span class='ocrx_word' id='word_1_242' title='bbox 115 2294 227 2320; x_wconf 88' lang='lat' dir='ltr'>tus.....</span> <span class='ocrx_word' id='word_1_243' title='bbox 253 2288 348 2325; x_wconf 87' lang='lat' dir='ltr'>Quod</span> <span class='ocrx_word' id='word_1_244' title='bbox 373 2289 507 2327; x_wconf 89' lang='lat' dir='ltr'>pretium</span> <span class='ocrx_word' id='word_1_245' title='bbox 524 2288 606 2318; x_wconf 85' lang='lat' dir='ltr'>dicte</span> <span class='ocrx_word' id='word_1_246' title='bbox 628 2287 824 2318; x_wconf 84' lang='lat' dir='ltr'>venditrices</span> <span class='ocrx_word' id='word_1_247' title='bbox 847 2289 980 2319; x_wconf 68' lang='lat' dir='ltr'>contexe</span> <span class='ocrx_word' id='word_1_248' title='bbox 1001 2289 1076 2319; x_wconf 82' lang='lat' dir='ltr'>fue—</span> 
     </span>
     <span class='ocr_line' id='line_1_36' title="bbox 114 2347 389 2372; baseline -0.007 0"><span class='ocrx_word' id='word_1_249' title='bbox 114 2347 191 2372; x_wconf 90' lang='lat' dir='ltr'>runt</span> <span class='ocrx_word' id='word_1_250' title='bbox 206 2347 236 2372; x_wconf 89' lang='lat' dir='ltr'>et</span> <span class='ocrx_word' id='word_1_251' title='bbox 251 2347 326 2371; x_wconf 86' lang='lat' dir='ltr'>suut</span> <span class='ocrx_word' id='word_1_252' title='bbox 330 2363 389 2371; x_wconf 92' lang='grc'><strong><em>.....</em></strong></span> 
     </span>
    </p>

    <p class='ocr_par' dir='ltr' id='par_1_7' title="bbox 113 2393 1075 2699">
     <span class='ocr_line' id='line_1_37' title="bbox 153 2393 1073 2432; baseline 0.001 -8"><span class='ocrx_word' id='word_1_253' title='bbox 153 2396 270 2425; x_wconf 90' lang='lat' dir='ltr'>Actum</span> <span class='ocrx_word' id='word_1_254' title='bbox 293 2394 413 2431; x_wconf 83' lang='lat' dir='ltr'>Rome,</span> <span class='ocrx_word' id='word_1_255' title='bbox 438 2394 473 2423; x_wconf 90' lang='lat' dir='ltr'>in</span> <span class='ocrx_word' id='word_1_256' title='bbox 495 2402 622 2423; x_wconf 89' lang='lat' dir='ltr'>camera</span> <span class='ocrx_word' id='word_1_257' title='bbox 641 2393 718 2423; x_wconf 90' lang='lat' dir='ltr'>dicti</span> <span class='ocrx_word' id='word_1_258' title='bbox 744 2393 869 2423; x_wconf 86' lang='lat' dir='ltr'>domini</span> <span class='ocrx_word' id='word_1_259' title='bbox 894 2395 1073 2432; x_wconf 83' lang='lat' dir='ltr'>camerarii,</span> 
     </span>
     <span class='ocr_line' id='line_1_38' title="bbox 114 2446 1074 2487; baseline 0.001 -10"><span class='ocrx_word' id='word_1_260' title='bbox 114 2447 317 2487; x_wconf 86' lang='lat' dir='ltr'>presentibus</span> <span class='ocrx_word' id='word_1_261' title='bbox 330 2447 461 2476; x_wconf 88' lang='lat' dir='ltr'>domino</span> <span class='ocrx_word' id='word_1_262' title='bbox 477 2446 616 2476; x_wconf 86' lang='lat' dir='ltr'>Berardo</span> <span class='ocrx_word' id='word_1_263' title='bbox 632 2446 735 2484; x_wconf 88' lang='lat' dir='ltr'>priore</span> <span class='ocrx_word' id='word_1_264' title='bbox 747 2446 915 2484; x_wconf 87' lang='lat' dir='ltr'>Fulignato</span> <span class='ocrx_word' id='word_1_265' title='bbox 924 2470 932 2483; x_wconf 91' lang='lat'><em>‚</em></span> <span class='ocrx_word' id='word_1_266' title='bbox 944 2447 1074 2479; x_wconf 88' lang='lat' dir='ltr'>domino</span> 
     </span>
     <span class='ocr_line' id='line_1_39' title="bbox 115 2499 1075 2539; baseline 0.001 -9"><span class='ocrx_word' id='word_1_267' title='bbox 115 2500 280 2530; x_wconf 90' lang='lat' dir='ltr'>Leonardo</span> <span class='ocrx_word' id='word_1_268' title='bbox 301 2499 484 2538; x_wconf 90' lang='lat' dir='ltr'>primicerio</span> <span class='ocrx_word' id='word_1_269' title='bbox 508 2499 546 2529; x_wconf 90' lang='lat' dir='ltr'>de</span> <span class='ocrx_word' id='word_1_270' title='bbox 569 2499 712 2529; x_wconf 90' lang='lat' dir='ltr'>Venetiis</span> <span class='ocrx_word' id='word_1_271' title='bbox 729 2499 852 2530; x_wconf 90' lang='lat' dir='ltr'>domini</span> <span class='ocrx_word' id='word_1_272' title='bbox 874 2508 953 2539; x_wconf 91' lang='lat' dir='ltr'>pape</span> <span class='ocrx_word' id='word_1_273' title='bbox 970 2501 1075 2539; x_wconf 86' lang='lat' dir='ltr'>capel—</span> 
     </span>
     <span class='ocr_line' id='line_1_40' title="bbox 114 2552 1074 2592; baseline 0.001 -9"><span class='ocrx_word' id='word_1_274' title='bbox 114 2554 204 2590; x_wconf 87' lang='lat' dir='ltr'>lano,</span> <span class='ocrx_word' id='word_1_275' title='bbox 227 2553 358 2583; x_wconf 90' lang='lat' dir='ltr'>domino</span> <span class='ocrx_word' id='word_1_276' title='bbox 384 2552 516 2583; x_wconf 87' lang='lat' dir='ltr'>Nicolao</span> <span class='ocrx_word' id='word_1_277' title='bbox 539 2557 659 2583; x_wconf 86' lang='lat' dir='ltr'>rectore</span> <span class='ocrx_word' id='word_1_278' title='bbox 685 2552 817 2582; x_wconf 88' lang='lat' dir='ltr'>ecclesie</span> <span class='ocrx_word' id='word_1_279' title='bbox 841 2554 942 2583; x_wconf 89' lang='lat' dir='ltr'>sancti</span> <span class='ocrx_word' id='word_1_280' title='bbox 968 2554 1074 2592; x_wconf 83' lang='lat' dir='ltr'>Egidii</span> 
     </span>
     <span class='ocr_line' id='line_1_41' title="bbox 114 2605 1075 2646; baseline 0.001 -9"><span class='ocrx_word' id='word_1_281' title='bbox 114 2611 199 2637; x_wconf 80' lang='lat' dir='ltr'>extra</span> <span class='ocrx_word' id='word_1_282' title='bbox 230 2611 352 2646; x_wconf 85' lang='lat' dir='ltr'>portam</span> <span class='ocrx_word' id='word_1_283' title='bbox 378 2606 592 2643; x_wconf 68' lang='lat' dir='ltr'>Vhidariam,</span> <span class='ocrx_word' id='word_1_284' title='bbox 627 2605 817 2636; x_wconf 85' lang='lat' dir='ltr'>Francketto</span> <span class='ocrx_word' id='word_1_285' title='bbox 846 2606 884 2636; x_wconf 91' lang='lat' dir='ltr'>de</span> <span class='ocrx_word' id='word_1_286' title='bbox 914 2606 1075 2638; x_wconf 87' lang='lat' dir='ltr'>Florentia</span> 
     </span>
     <span class='ocr_line' id='line_1_42' title="bbox 113 2659 1075 2699; baseline 0 -8"><span class='ocrx_word' id='word_1_287' title='bbox 113 2669 289 2699; x_wconf 83' lang='lat' dir='ltr'>campsore,</span> <span class='ocrx_word' id='word_1_288' title='bbox 312 2660 449 2698; x_wconf 89' lang='lat' dir='ltr'>dompno</span> <span class='ocrx_word' id='word_1_289' title='bbox 474 2660 611 2698; x_wconf 87' lang='lat' dir='ltr'>Accapto</span> <span class='ocrx_word' id='word_1_290' title='bbox 635 2659 819 2698; x_wconf 77' lang='lat' dir='ltr'>presbytero</span> <span class='ocrx_word' id='word_1_291' title='bbox 840 2662 869 2689; x_wconf 87' lang='lat' dir='ltr'>et</span> <span class='ocrx_word' id='word_1_292' title='bbox 891 2661 1075 2699; x_wconf 88' lang='lat' dir='ltr'>cappellano</span> 
     </span>
    </p>
   </div>
   <div class='ocr_carea' id='block_1_5' title="bbox 73 2838 1074 3060">
    <p class='ocr_par' dir='ltr' id='par_1_8' title="bbox 73 2838 1074 3060">
     <span class='ocr_line' id='line_1_43' title="bbox 111 2838 1073 2872; baseline 0.003 -7"><span class='ocrx_word' id='word_1_293' title='bbox 111 2841 136 2866; x_wconf 87' lang='lat'>1.</span> <span class='ocrx_word' id='word_1_294' title='bbox 151 2839 243 2866; x_wconf 77' lang='lat' dir='ltr'>Meme</span> <span class='ocrx_word' id='word_1_295' title='bbox 259 2839 332 2866; x_wconf 85' lang='lat' dir='ltr'>date.</span> <span class='ocrx_word' id='word_1_296' title='bbox 345 2853 381 2860; x_wconf 89' lang='lat'>-</span> <span class='ocrx_word' id='word_1_297' title='bbox 391 2839 480 2865; x_wconf 72' lang='lat' dir='ltr'>Mai-ie</span> <span class='ocrx_word' id='word_1_298' title='bbox 492 2843 519 2865; x_wconf 90' lang='lat' dir='ltr'>et</span> <span class='ocrx_word' id='word_1_299' title='bbox 529 2838 651 2872; x_wconf 84' lang='lat' dir='ltr'>Jeannc,</span> <span class='ocrx_word' id='word_1_300' title='bbox 663 2839 775 2865; x_wconf 85' lang='lat' dir='ltr'>celle-ci</span> <span class='ocrx_word' id='word_1_301' title='bbox 787 2847 877 2865; x_wconf 87' lang='lat' dir='ltr'>veuve</span> <span class='ocrx_word' id='word_1_302' title='bbox 890 2840 925 2866; x_wconf 90' lang='lat' dir='ltr'>de</span> <span class='ocrx_word' id='word_1_303' title='bbox 940 2840 1073 2868; x_wconf 85' lang='lat' dir='ltr'>Scambio</span> 
     </span>
     <span class='ocr_line' id='line_1_44' title="bbox 74 2887 1074 2922; baseline 0.002 -8"><span class='ocrx_word' id='word_1_304' title='bbox 74 2889 105 2915; x_wconf 76' lang='lat' dir='ltr'>de</span> <span class='ocrx_word' id='word_1_305' title='bbox 117 2889 209 2922; x_wconf 79' lang='lat' dir='ltr'>platea</span> <span class='ocrx_word' id='word_1_306' title='bbox 225 2888 256 2914; x_wconf 82' lang='lat' dir='ltr'>(Ie</span> <span class='ocrx_word' id='word_1_307' title='bbox 271 2888 409 2921; x_wconf 74' lang='lat' dir='ltr'>Apothecis</span> <span class='ocrx_word' id='word_1_308' title='bbox 425 2889 510 2913; x_wconf 69' lang='lat' dir='ltr'>castrt*</span> <span class='ocrx_word' id='word_1_309' title='bbox 524 2887 551 2914; x_wconf 87' lang='lat' dir='ltr'>S.</span> <span class='ocrx_word' id='word_1_310' title='bbox 568 2887 674 2920; x_wconf 75' lang='lat' dir='ltr'>Anyeli,</span> <span class='ocrx_word' id='word_1_311' title='bbox 687 2887 810 2914; x_wconf 84' lang='lat' dir='ltr'>vendent</span> <span class='ocrx_word' id='word_1_312' title='bbox 820 2896 856 2914; x_wconf 84' lang='lat' dir='ltr'>au</span> <span class='ocrx_word' id='word_1_313' title='bbox 873 2888 963 2915; x_wconf 75' lang='grc'><strong>11181118</strong></span> <span class='ocrx_word' id='word_1_314' title='bbox 978 2891 1074 2916; x_wconf 75' lang='lat' dir='ltr'>caine-</span> 
     </span>
     <span class='ocr_line' id='line_1_45' title="bbox 73 2936 1073 2971; baseline 0.002 -8"><span class='ocrx_word' id='word_1_315' title='bbox 73 2937 130 2964; x_wconf 87' lang='lat' dir='ltr'>rier</span> <span class='ocrx_word' id='word_1_316' title='bbox 144 2937 187 2963; x_wconf 86' lang='lat' dir='ltr'>les</span> <span class='ocrx_word' id='word_1_317' title='bbox 198 2937 299 2971; x_wconf 88' lang='lat' dir='ltr'>vignes</span> <span class='ocrx_word' id='word_1_318' title='bbox 310 2937 439 2971; x_wconf 80' lang='lat' dir='ltr'>plaiitees</span> <span class='ocrx_word' id='word_1_319' title='bbox 454 2944 504 2962; x_wconf 89' lang='lat' dir='ltr'>sur</span> <span class='ocrx_word' id='word_1_320' title='bbox 520 2936 594 2962; x_wconf 83' lang='lat' dir='ltr'>deux</span> <span class='ocrx_word' id='word_1_321' title='bbox 609 2937 706 2970; x_wconf 77' lang='lat' dir='ltr'>pieces</span> <span class='ocrx_word' id='word_1_322' title='bbox 722 2940 750 2962; x_wconf 86' lang='lat' dir='ltr'>et</span> <span class='ocrx_word' id='word_1_323' title='bbox 764 2936 839 2963; x_wconf 85' lang='lat' dir='ltr'>demi</span> <span class='ocrx_word' id='word_1_324' title='bbox 855 2937 889 2963; x_wconf 90' lang='lat' dir='ltr'>de</span> <span class='ocrx_word' id='word_1_325' title='bbox 901 2942 984 2971; x_wconf 81' lang='lat' dir='ltr'>terre,</span> <span class='ocrx_word' id='word_1_326' title='bbox 998 2939 1073 2965; x_wconf 89' lang='lat' dir='ltr'>sises</span> 
     </span>
     <span class='ocr_line' id='line_1_46' title="bbox 73 2983 1073 3020; baseline 0.001 -8"><span class='ocrx_word' id='word_1_327' title='bbox 73 2993 109 3012; x_wconf 84' lang='lat' dir='ltr'>au</span> <span class='ocrx_word' id='word_1_328' title='bbox 129 2985 221 3012; x_wconf 80' lang='lat' dir='ltr'>meme</span> <span class='ocrx_word' id='word_1_329' title='bbox 242 2985 368 3016; x_wconf 86' lang='lat' dir='ltr'>endroit,</span> <span class='ocrx_word' id='word_1_330' title='bbox 387 2988 414 3011; x_wconf 87' lang='lat' dir='ltr'>ct</span> <span class='ocrx_word' id='word_1_331' title='bbox 437 2984 505 3011; x_wconf 88' lang='lat' dir='ltr'>dont</span> <span class='ocrx_word' id='word_1_332' title='bbox 525 2984 550 3010; x_wconf 91' lang='lat' dir='ltr'>le</span> <span class='ocrx_word' id='word_1_333' title='bbox 571 2983 654 3010; x_wconf 83' lang='lat' dir='ltr'>fonds</span> <span class='ocrx_word' id='word_1_334' title='bbox 675 2984 836 3019; x_wconf 84' lang='lat' dir='ltr'>appartient</span> <span class='ocrx_word' id='word_1_335' title='bbox 860 2986 874 3010; x_wconf 75' lang='lat' dir='ltr'>a</span> <span class='ocrx_word' id='word_1_336' title='bbox 897 2985 1004 3020; x_wconf 86' lang='lat' dir='ltr'>l&#39;e&#39;glise</span> <span class='ocrx_word' id='word_1_337' title='bbox 1024 2994 1073 3013; x_wconf 90' lang='lat' dir='ltr'>ro-</span> 
     </span>
     <span class='ocr_line' id='line_1_47' title="bbox 73 3040 175 3060; baseline 0 -1"><span class='ocrx_word' id='word_1_338' title='bbox 73 3040 175 3060; x_wconf 82' lang='lat' dir='ltr'>maine.</span> 
     </span>
    </p>
   </div>
   <div class='ocr_carea' id='block_1_6' title="bbox 1204 434 2161 528">
    <p class='ocr_par' dir='ltr' id='par_1_9' title="bbox 1204 434 2161 528">
     <span class='ocr_line' id='line_1_48' title="bbox 1204 434 2161 475; baseline 0.008 -12"><span class='ocrx_word' id='word_1_339' title='bbox 1204 434 1277 464; x_wconf 87' lang='lat' dir='ltr'>dicti</span> <span class='ocrx_word' id='word_1_340' title='bbox 1299 435 1421 464; x_wconf 87' lang='lat' dir='ltr'>domini</span> <span class='ocrx_word' id='word_1_341' title='bbox 1445 438 1612 466; x_wconf 81' lang='lat' dir='ltr'>camerarii</span> <span class='ocrx_word' id='word_1_342' title='bbox 1631 442 1659 466; x_wconf 91' lang='lat' dir='ltr'>et</span> <span class='ocrx_word' id='word_1_343' title='bbox 1680 439 1771 468; x_wconf 83' lang='lat' dir='ltr'>Petro</span> <span class='ocrx_word' id='word_1_344' title='bbox 1787 439 1885 475; x_wconf 77' lang='lat' dir='ltr'>Buxa,</span> <span class='ocrx_word' id='word_1_345' title='bbox 1902 440 2035 469; x_wconf 83' lang='lat' dir='ltr'>testibus</span> <span class='ocrx_word' id='word_1_346' title='bbox 2048 441 2161 472; x_wconf 83' lang='lat' dir='ltr'>adhoc</span> 
     </span>
     <span class='ocr_line' id='line_1_49' title="bbox 1204 487 1707 528; baseline 0.008 -13"><span class='ocrx_word' id='word_1_347' title='bbox 1204 487 1385 525; x_wconf 87' lang='lat' dir='ltr'>specialiter</span> <span class='ocrx_word' id='word_1_348' title='bbox 1402 489 1518 518; x_wconf 76' lang='lat' dir='ltr'>vocatis</span> <span class='ocrx_word' id='word_1_349' title='bbox 1534 494 1563 519; x_wconf 86' lang='lat' dir='ltr'>et</span> <span class='ocrx_word' id='word_1_350' title='bbox 1579 490 1707 528; x_wconf 75' lang='lat' dir='ltr'>rogatis.</span> 
     </span>
    </p>
   </div>
   <div class='ocr_carea' id='block_1_7' title="bbox 1206 540 2159 844">
    <p class='ocr_par' dir='ltr' id='par_1_10' title="bbox 1206 540 2159 844">
     <span class='ocr_line' id='line_1_50' title="bbox 1245 540 1568 579; baseline 0.012 -10"><span class='ocrx_word' id='word_1_351' title='bbox 1245 540 1308 577; x_wconf 82' lang='lat' dir='ltr'>Ego</span> <span class='ocrx_word' id='word_1_352' title='bbox 1325 540 1504 579; x_wconf 86' lang='lat' dir='ltr'>Stephanus</span> <span class='ocrx_word' id='word_1_353' title='bbox 1511 564 1568 573; x_wconf 90' lang='grc'><em>.....</em></span> 
     </span>
     <span class='ocr_line' id='line_1_51' title="bbox 1244 752 2159 790; baseline 0.011 -10"><span class='ocrx_word' id='word_1_354' title='bbox 1244 752 1281 780; x_wconf 89' lang='grc'>111</span> <span class='ocrx_word' id='word_1_355' title='bbox 1302 753 1308 772; x_wconf 92' lang='lat'>¹</span> <span class='ocrx_word' id='word_1_356' title='bbox 1338 753 1469 783; x_wconf 90' lang='lat' dir='ltr'>nomine</span> <span class='ocrx_word' id='word_1_357' title='bbox 1498 754 1627 784; x_wconf 88' lang='lat' dir='ltr'>Domini</span> <span class='ocrx_word' id='word_1_358' title='bbox 1635 779 1693 786; x_wconf 90' lang='grc'>.....</span> <span class='ocrx_word' id='word_1_359' title='bbox 1722 756 1773 786; x_wconf 86' lang='grc'><strong>(118</strong></span> <span class='ocrx_word' id='word_1_360' title='bbox 1796 763 1881 787; x_wconf 83' lang='lat' dir='ltr'>sexto</span> <span class='ocrx_word' id='word_1_361' title='bbox 1907 760 2027 789; x_wconf 89' lang='lat' dir='ltr'>mensis</span> <span class='ocrx_word' id='word_1_362' title='bbox 2052 761 2159 790; x_wconf 86' lang='lat' dir='ltr'>martii</span> 
     </span>
     <span class='ocr_line' id='line_1_52' title="bbox 1206 805 2159 844; baseline 0.01 -11"><span class='ocrx_word' id='word_1_363' title='bbox 1206 805 1279 834; x_wconf 73' lang='lat' dir='ltr'>VIIe</span> <span class='ocrx_word' id='word_1_364' title='bbox 1298 805 1550 837; x_wconf 86' lang='lat' dir='ltr'>indictionis.....</span> <span class='ocrx_word' id='word_1_365' title='bbox 1571 809 1732 838; x_wconf 75' lang='lat' dir='ltr'>Romanus</span> <span class='ocrx_word' id='word_1_366' title='bbox 1754 810 1913 840; x_wconf 84' lang='lat' dir='ltr'>Johannis</span> <span class='ocrx_word' id='word_1_367' title='bbox 1939 812 2098 843; x_wconf 89' lang='lat' dir='ltr'>Ventrocii</span> <span class='ocrx_word' id='word_1_368' title='bbox 2121 814 2159 844; x_wconf 87' lang='lat' dir='ltr'>de</span> 
     </span>
    </p>
   </div>
   <div class='ocr_carea' id='block_1_8' title="bbox 1197 858 2160 2328">
    <p class='ocr_par' dir='ltr' id='par_1_11' title="bbox 1200 858 2160 1483">
     <span class='ocr_line' id='line_1_53' title="bbox 1203 858 2160 900; baseline 0.01 -14"><span class='ocrx_word' id='word_1_369' title='bbox 1203 858 1334 895; x_wconf 83' lang='lat' dir='ltr'>regione</span> <span class='ocrx_word' id='word_1_370' title='bbox 1358 858 1658 890; x_wconf 79' lang='lat' dir='ltr'>Scorcteclariorum</span> <span class='ocrx_word' id='word_1_371' title='bbox 1682 866 1854 900; x_wconf 85' lang='lat' dir='ltr'>spontanea</span> <span class='ocrx_word' id='word_1_372' title='bbox 1870 863 2033 895; x_wconf 79' lang='lat' dir='ltr'>voluntate</span> <span class='ocrx_word' id='word_1_373' title='bbox 2049 866 2160 896; x_wconf 87' lang='lat' dir='ltr'>vendi-</span> 
     </span>
     <span class='ocr_line' id='line_1_54' title="bbox 1203 910 2159 950; baseline 0.01 -11"><span class='ocrx_word' id='word_1_374' title='bbox 1203 910 1259 947; x_wconf 89' lang='lat' dir='ltr'>dit,</span> <span class='ocrx_word' id='word_1_375' title='bbox 1277 910 1364 940; x_wconf 84' lang='lat' dir='ltr'>dedit</span> <span class='ocrx_word' id='word_1_376' title='bbox 1381 917 1410 941; x_wconf 83' lang='lat' dir='ltr'>et</span> <span class='ocrx_word' id='word_1_377' title='bbox 1428 913 1583 942; x_wconf 81' lang='lat' dir='ltr'>concessit</span> <span class='ocrx_word' id='word_1_378' title='bbox 1598 914 1772 944; x_wconf 84' lang='lat' dir='ltr'>venerabili</span> <span class='ocrx_word' id='word_1_379' title='bbox 1789 916 1856 945; x_wconf 81' lang='lat' dir='ltr'>viro</span> <span class='ocrx_word' id='word_1_380' title='bbox 1873 917 2004 948; x_wconf 88' lang='lat' dir='ltr'>domino</span> <span class='ocrx_word' id='word_1_381' title='bbox 2023 919 2159 950; x_wconf 87' lang='lat' dir='ltr'>Berardo</span> 
     </span>
     <span class='ocr_line' id='line_1_55' title="bbox 1204 963 2158 1007; baseline 0.009 -15"><span class='ocrx_word' id='word_1_382' title='bbox 1204 963 1338 1002; x_wconf 87' lang='lat' dir='ltr'>plebano</span> <span class='ocrx_word' id='word_1_383' title='bbox 1357 964 1457 1002; x_wconf 90' lang='lat' dir='ltr'>plebis</span> <span class='ocrx_word' id='word_1_384' title='bbox 1473 965 1511 994; x_wconf 91' lang='lat' dir='ltr'>de</span> <span class='ocrx_word' id='word_1_385' title='bbox 1531 966 1662 995; x_wconf 83' lang='lat' dir='ltr'>Faveria</span> <span class='ocrx_word' id='word_1_386' title='bbox 1677 967 1799 997; x_wconf 89' lang='lat' dir='ltr'>domini</span> <span class='ocrx_word' id='word_1_387' title='bbox 1813 977 1890 1007; x_wconf 88' lang='lat' dir='ltr'>pape</span> <span class='ocrx_word' id='word_1_388' title='bbox 1906 972 2080 1001; x_wconf 86' lang='lat' dir='ltr'>camerario</span> <span class='ocrx_word' id='word_1_389' title='bbox 2085 994 2144 1001; x_wconf 70' lang='grc'>.....</span> <span class='ocrx_word' id='word_1_390' title='bbox 2151 994 2158 1007; x_wconf 87' lang='grc'>,</span> 
     </span>
     <span class='ocr_line' id='line_1_56' title="bbox 1203 1016 2157 1062; baseline 0.009 -17"><span class='ocrx_word' id='word_1_391' title='bbox 1203 1016 1235 1046; x_wconf 91' lang='lat' dir='ltr'>id</span> <span class='ocrx_word' id='word_1_392' title='bbox 1248 1021 1295 1046; x_wconf 86' lang='lat' dir='ltr'>est</span> <span class='ocrx_word' id='word_1_393' title='bbox 1310 1022 1372 1047; x_wconf 89' lang='lat' dir='ltr'>tres</span> <span class='ocrx_word' id='word_1_394' title='bbox 1387 1018 1485 1055; x_wconf 86' lang='lat' dir='ltr'>petias</span> <span class='ocrx_word' id='word_1_395' title='bbox 1501 1018 1682 1056; x_wconf 85' lang='lat' dir='ltr'>vinearum,</span> <span class='ocrx_word' id='word_1_396' title='bbox 1699 1020 1821 1050; x_wconf 80' lang='lat' dir='ltr'>vituum</span> <span class='ocrx_word' id='word_1_397' title='bbox 1841 1026 1973 1059; x_wconf 77' lang='lat' dir='ltr'>tantum,</span> <span class='ocrx_word' id='word_1_398' title='bbox 1991 1024 2107 1062; x_wconf 87' lang='lat' dir='ltr'>positas</span> <span class='ocrx_word' id='word_1_399' title='bbox 2124 1024 2157 1054; x_wconf 91' lang='lat' dir='ltr'>in</span> 
     </span>
     <span class='ocr_line' id='line_1_57' title="bbox 1203 1070 2158 1114; baseline 0.009 -16"><span class='ocrx_word' id='word_1_400' title='bbox 1203 1070 1391 1108; x_wconf 82' lang='lat' dir='ltr'>proprietate</span> <span class='ocrx_word' id='word_1_401' title='bbox 1407 1070 1539 1101; x_wconf 90' lang='lat' dir='ltr'>ecclesie</span> <span class='ocrx_word' id='word_1_402' title='bbox 1557 1072 1658 1101; x_wconf 89' lang='lat' dir='ltr'>sancti</span> <span class='ocrx_word' id='word_1_403' title='bbox 1677 1072 1782 1110; x_wconf 83' lang='lat' dir='ltr'>Egidii</span> <span class='ocrx_word' id='word_1_404' title='bbox 1799 1079 1884 1103; x_wconf 85' lang='lat' dir='ltr'>extra</span> <span class='ocrx_word' id='word_1_405' title='bbox 1898 1081 2019 1114; x_wconf 86' lang='lat' dir='ltr'>portam</span> <span class='ocrx_word' id='word_1_406' title='bbox 2037 1077 2158 1106; x_wconf 85' lang='lat' dir='ltr'>Virida-</span> 
     </span>
     <span class='ocr_line' id='line_1_58' title="bbox 1202 1122 2158 1162; baseline 0.009 -11"><span class='ocrx_word' id='word_1_407' title='bbox 1202 1122 1296 1159; x_wconf 81' lang='lat' dir='ltr'>riam,</span> <span class='ocrx_word' id='word_1_408' title='bbox 1313 1132 1449 1162; x_wconf 89' lang='lat' dir='ltr'>quarum</span> <span class='ocrx_word' id='word_1_409' title='bbox 1466 1124 1544 1154; x_wconf 83' lang='lat' dir='ltr'>dixit</span> <span class='ocrx_word' id='word_1_410' title='bbox 1559 1133 1626 1155; x_wconf 87' lang='lat' dir='ltr'>esse</span> <span class='ocrx_word' id='word_1_411' title='bbox 1645 1125 1721 1155; x_wconf 87' lang='lat' dir='ltr'>tales</span> <span class='ocrx_word' id='word_1_412' title='bbox 1737 1126 1828 1156; x_wconf 83' lang='lat' dir='ltr'>fines.</span> <span class='ocrx_word' id='word_1_413' title='bbox 1848 1127 1898 1157; x_wconf 91' lang='lat' dir='ltr'>Ab</span> <span class='ocrx_word' id='word_1_414' title='bbox 1916 1137 1979 1158; x_wconf 88' lang='lat' dir='ltr'>uno</span> <span class='ocrx_word' id='word_1_415' title='bbox 1993 1128 2089 1159; x_wconf 86' lang='lat' dir='ltr'>latere</span> <span class='ocrx_word' id='word_1_416' title='bbox 2107 1130 2158 1160; x_wconf 91' lang='lat' dir='ltr'>via</span> 
     </span>
     <span class='ocr_line' id='line_1_59' title="bbox 1203 1175 2159 1219; baseline 0.009 -15"><span class='ocrx_word' id='word_1_417' title='bbox 1203 1175 1360 1212; x_wconf 87' lang='lat' dir='ltr'>vicinalis,</span> <span class='ocrx_word' id='word_1_418' title='bbox 1379 1176 1418 1206; x_wconf 91' lang='lat' dir='ltr'>ab</span> <span class='ocrx_word' id='word_1_419' title='bbox 1437 1177 1500 1207; x_wconf 90' lang='lat' dir='ltr'>alio</span> <span class='ocrx_word' id='word_1_420' title='bbox 1516 1177 1648 1208; x_wconf 87' lang='lat' dir='ltr'>heredes</span> <span class='ocrx_word' id='word_1_421' title='bbox 1666 1179 1827 1209; x_wconf 83' lang='lat' dir='ltr'>Johannis</span> <span class='ocrx_word' id='word_1_422' title='bbox 1842 1180 2020 1219; x_wconf 80' lang='lat' dir='ltr'>Magalotti,</span> <span class='ocrx_word' id='word_1_423' title='bbox 2039 1183 2078 1212; x_wconf 83' lang='lat' dir='ltr'>ab</span> <span class='ocrx_word' id='word_1_424' title='bbox 2096 1183 2159 1213; x_wconf 88' lang='lat' dir='ltr'>alio</span> 
     </span>
     <span class='ocr_line' id='line_1_60' title="bbox 1201 1228 2159 1271; baseline 0.008 -14"><span class='ocrx_word' id='word_1_425' title='bbox 1201 1228 1359 1258; x_wconf 87' lang='lat' dir='ltr'>Tebaldus</span> <span class='ocrx_word' id='word_1_426' title='bbox 1384 1229 1575 1265; x_wconf 77' lang='lat' dir='ltr'>Ternacins,</span> <span class='ocrx_word' id='word_1_427' title='bbox 1600 1235 1629 1260; x_wconf 87' lang='lat' dir='ltr'>et</span> <span class='ocrx_word' id='word_1_428' title='bbox 1657 1231 1696 1260; x_wconf 85' lang='lat' dir='ltr'>ab</span> <span class='ocrx_word' id='word_1_429' title='bbox 1719 1231 1782 1261; x_wconf 89' lang='lat' dir='ltr'>alio</span> <span class='ocrx_word' id='word_1_430' title='bbox 1808 1233 1920 1263; x_wconf 84' lang='lat' dir='ltr'>Petrus</span> <span class='ocrx_word' id='word_1_431' title='bbox 1948 1234 2097 1271; x_wconf 73' lang='lat' dir='ltr'>Deodati3</span> <span class='ocrx_word' id='word_1_432' title='bbox 2119 1234 2159 1265; x_wconf 85' lang='lat' dir='ltr'>ad</span> 
     </span>
     <span class='ocr_line' id='line_1_61' title="bbox 1200 1280 2158 1325; baseline 0.008 -15"><span class='ocrx_word' id='word_1_433' title='bbox 1200 1280 1385 1311; x_wconf 87' lang='lat' dir='ltr'>habendum</span> <span class='ocrx_word' id='word_1_434' title='bbox 1391 1305 1452 1313; x_wconf 90' lang='grc'>.....</span> <span class='ocrx_word' id='word_1_435' title='bbox 1480 1291 1535 1321; x_wconf 91' lang='lat' dir='ltr'>pro</span> <span class='ocrx_word' id='word_1_436' title='bbox 1558 1284 1658 1321; x_wconf 90' lang='lat' dir='ltr'>pretio</span> <span class='ocrx_word' id='word_1_437' title='bbox 1687 1284 1815 1322; x_wconf 83' lang='lat' dir='ltr'>triginta</span> <span class='ocrx_word' id='word_1_438' title='bbox 1840 1286 1982 1325; x_wconf 87' lang='lat' dir='ltr'>quinque</span> <span class='ocrx_word' id='word_1_439' title='bbox 2004 1287 2158 1318; x_wconf 80' lang='lat' dir='ltr'>librarum</span> 
     </span>
     <span class='ocr_line' id='line_1_62' title="bbox 1201 1335 2159 1375; baseline 0.008 -12"><span class='ocrx_word' id='word_1_440' title='bbox 1201 1335 1446 1372; x_wconf 88' lang='lat' dir='ltr'>provesinorum</span> <span class='ocrx_word' id='word_1_441' title='bbox 1461 1346 1467 1372; x_wconf 88' lang='grc'>;</span> <span class='ocrx_word' id='word_1_442' title='bbox 1487 1336 1571 1373; x_wconf 81' lang='lat' dir='ltr'>quod</span> <span class='ocrx_word' id='word_1_443' title='bbox 1592 1338 1729 1375; x_wconf 88' lang='lat' dir='ltr'>pretium</span> <span class='ocrx_word' id='word_1_444' title='bbox 1748 1337 1852 1368; x_wconf 88' lang='lat' dir='ltr'>dictus</span> <span class='ocrx_word' id='word_1_445' title='bbox 1868 1339 2032 1370; x_wconf 82' lang='lat' dir='ltr'>Romanus</span> <span class='ocrx_word' id='word_1_446' title='bbox 2046 1341 2159 1371; x_wconf 88' lang='lat' dir='ltr'>vendi-</span> 
     </span>
     <span class='ocr_line' id='line_1_63' title="bbox 1200 1388 2159 1432; baseline 0.008 -16"><span class='ocrx_word' id='word_1_447' title='bbox 1200 1390 1249 1417; x_wconf 83' lang='lat' dir='ltr'>tor</span> <span class='ocrx_word' id='word_1_448' title='bbox 1264 1388 1415 1418; x_wconf 79' lang='lat' dir='ltr'>confexus</span> <span class='ocrx_word' id='word_1_449' title='bbox 1432 1393 1543 1419; x_wconf 86' lang='lat' dir='ltr'>est.....</span> <span class='ocrx_word' id='word_1_450' title='bbox 1562 1390 1611 1419; x_wconf 83' lang='lat' dir='ltr'>Ad</span> <span class='ocrx_word' id='word_1_451' title='bbox 1626 1389 1685 1420; x_wconf 86' lang='lat' dir='ltr'>hec</span> <span class='ocrx_word' id='word_1_452' title='bbox 1700 1391 1814 1420; x_wconf 86' lang='lat' dir='ltr'>Petrus</span> <span class='ocrx_word' id='word_1_453' title='bbox 1831 1391 2029 1431; x_wconf 88' lang='lat' dir='ltr'>Gualphredi</span> <span class='ocrx_word' id='word_1_454' title='bbox 2048 1398 2159 1432; x_wconf 83' lang='lat' dir='ltr'>rogatu</span> 
     </span>
     <span class='ocr_line' id='line_1_64' title="bbox 1200 1441 2057 1483; baseline 0.006 -13"><span class='ocrx_word' id='word_1_455' title='bbox 1200 1445 1231 1471; x_wconf 85' lang='lat' dir='ltr'>et</span> <span class='ocrx_word' id='word_1_456' title='bbox 1246 1441 1393 1480; x_wconf 89' lang='lat' dir='ltr'>precibus</span> <span class='ocrx_word' id='word_1_457' title='bbox 1410 1442 1486 1472; x_wconf 87' lang='lat' dir='ltr'>dicti</span> <span class='ocrx_word' id='word_1_458' title='bbox 1501 1443 1638 1472; x_wconf 76' lang='lat' dir='ltr'>Romani</span> <span class='ocrx_word' id='word_1_459' title='bbox 1654 1444 1829 1474; x_wconf 82' lang='lat' dir='ltr'>venditoris</span> <span class='ocrx_word' id='word_1_460' title='bbox 1848 1445 2057 1483; x_wconf 86' lang='lat' dir='ltr'>fidejuxit.....</span> 
     </span>
    </p>

    <p class='ocr_par' dir='ltr' id='par_1_12' title="bbox 1198 1495 2158 1854">
     <span class='ocr_line' id='line_1_65' title="bbox 1239 1495 2158 1537; baseline 0.007 -14"><span class='ocrx_word' id='word_1_461' title='bbox 1239 1495 1355 1524; x_wconf 91' lang='lat' dir='ltr'>Actum</span> <span class='ocrx_word' id='word_1_462' title='bbox 1373 1495 1406 1524; x_wconf 91' lang='lat' dir='ltr'>in</span> <span class='ocrx_word' id='word_1_463' title='bbox 1427 1504 1552 1525; x_wconf 88' lang='lat' dir='ltr'>camera</span> <span class='ocrx_word' id='word_1_464' title='bbox 1569 1496 1647 1526; x_wconf 84' lang='lat' dir='ltr'>dicti</span> <span class='ocrx_word' id='word_1_465' title='bbox 1663 1496 1785 1526; x_wconf 85' lang='lat' dir='ltr'>domini</span> <span class='ocrx_word' id='word_1_466' title='bbox 1806 1499 1989 1534; x_wconf 86' lang='lat' dir='ltr'>camerarii,</span> <span class='ocrx_word' id='word_1_467' title='bbox 2008 1499 2042 1528; x_wconf 91' lang='lat' dir='ltr'>in</span> <span class='ocrx_word' id='word_1_468' title='bbox 2059 1500 2158 1537; x_wconf 76' lang='lat' dir='ltr'>Urbe,</span> 
     </span>
     <span class='ocr_line' id='line_1_66' title="bbox 1199 1548 2158 1589; baseline 0.006 -12"><span class='ocrx_word' id='word_1_469' title='bbox 1199 1548 1281 1586; x_wconf 86' lang='lat' dir='ltr'>apud</span> <span class='ocrx_word' id='word_1_470' title='bbox 1293 1548 1455 1579; x_wconf 86' lang='lat' dir='ltr'>basilicam</span> <span class='ocrx_word' id='word_1_471' title='bbox 1468 1549 1550 1579; x_wconf 87' lang='lat' dir='ltr'>beati</span> <span class='ocrx_word' id='word_1_472' title='bbox 1564 1549 1651 1579; x_wconf 89' lang='lat' dir='ltr'>Petri</span> <span class='ocrx_word' id='word_1_473' title='bbox 1661 1550 1806 1588; x_wconf 76' lang='lat' dir='ltr'>apostoli,</span> <span class='ocrx_word' id='word_1_474' title='bbox 1820 1552 2019 1589; x_wconf 85' lang='lat' dir='ltr'>presentibus</span> <span class='ocrx_word' id='word_1_475' title='bbox 2028 1552 2158 1583; x_wconf 86' lang='lat' dir='ltr'>domino</span> 
     </span>
     <span class='ocr_line' id='line_1_67' title="bbox 1199 1598 2158 1638; baseline 0.007 -9"><span class='ocrx_word' id='word_1_476' title='bbox 1199 1598 1352 1638; x_wconf 83' lang='lat' dir='ltr'>magistro</span> <span class='ocrx_word' id='word_1_477' title='bbox 1368 1601 1467 1631; x_wconf 88' lang='lat' dir='ltr'>Paulo</span> <span class='ocrx_word' id='word_1_478' title='bbox 1482 1601 1520 1631; x_wconf 87' lang='lat' dir='ltr'>de</span> <span class='ocrx_word' id='word_1_479' title='bbox 1535 1602 1642 1637; x_wconf 80' lang='lat' dir='ltr'>Reate,</span> <span class='ocrx_word' id='word_1_480' title='bbox 1658 1602 1860 1633; x_wconf 82' lang='lat' dir='ltr'>Secundiano</span> <span class='ocrx_word' id='word_1_481' title='bbox 1876 1604 1995 1635; x_wconf 80' lang='lat' dir='ltr'>famulo</span> <span class='ocrx_word' id='word_1_482' title='bbox 2009 1605 2086 1635; x_wconf 87' lang='lat' dir='ltr'>dicti</span> <span class='ocrx_word' id='word_1_483' title='bbox 2102 1606 2158 1636; x_wconf 91' lang='lat' dir='ltr'>do-</span> 
     </span>
     <span class='ocr_line' id='line_1_68' title="bbox 1199 1653 2157 1694; baseline 0.006 -12"><span class='ocrx_word' id='word_1_484' title='bbox 1199 1653 1284 1682; x_wconf 90' lang='lat' dir='ltr'>mini</span> <span class='ocrx_word' id='word_1_485' title='bbox 1306 1654 1492 1691; x_wconf 83' lang='lat' dir='ltr'>camerarii,</span> <span class='ocrx_word' id='word_1_486' title='bbox 1517 1655 1610 1685; x_wconf 85' lang='lat' dir='ltr'>Petro</span> <span class='ocrx_word' id='word_1_487' title='bbox 1634 1655 1738 1691; x_wconf 79' lang='lat' dir='ltr'>Buxa,</span> <span class='ocrx_word' id='word_1_488' title='bbox 1760 1656 1884 1694; x_wconf 84' lang='lat' dir='ltr'>Angelo</span> <span class='ocrx_word' id='word_1_489' title='bbox 1906 1657 2063 1694; x_wconf 75' lang='lat' dir='ltr'>Ventnre,</span> <span class='ocrx_word' id='word_1_490' title='bbox 2087 1658 2157 1688; x_wconf 87' lang='lat' dir='ltr'>Ste-</span> 
     </span>
     <span class='ocr_line' id='line_1_69' title="bbox 1199 1706 2158 1745; baseline 0.006 -10"><span class='ocrx_word' id='word_1_491' title='bbox 1199 1706 1305 1745; x_wconf 87' lang='lat' dir='ltr'>phano</span> <span class='ocrx_word' id='word_1_492' title='bbox 1320 1707 1408 1736; x_wconf 85' lang='lat' dir='ltr'>Petri</span> <span class='ocrx_word' id='word_1_493' title='bbox 1426 1707 1573 1745; x_wconf 64' lang='lat' dir='ltr'>Roberst,</span> <span class='ocrx_word' id='word_1_494' title='bbox 1591 1708 1684 1738; x_wconf 81' lang='lat' dir='ltr'>Petro</span> <span class='ocrx_word' id='word_1_495' title='bbox 1696 1708 1857 1738; x_wconf 62' lang='lat' dir='ltr'>&lt;Iohannis</span> <span class='ocrx_word' id='word_1_496' title='bbox 1873 1709 1999 1745; x_wconf 84' lang='lat' dir='ltr'>Grassi.</span> <span class='ocrx_word' id='word_1_497' title='bbox 2021 1711 2158 1741; x_wconf 82' lang='lat' dir='ltr'>familia-</span> 
     </span>
     <span class='ocr_line' id='line_1_70' title="bbox 1198 1759 2158 1800; baseline 0.006 -12"><span class='ocrx_word' id='word_1_498' title='bbox 1198 1759 1288 1789; x_wconf 83' lang='lat' dir='ltr'>ribus</span> <span class='ocrx_word' id='word_1_499' title='bbox 1310 1760 1433 1789; x_wconf 89' lang='lat' dir='ltr'>domini</span> <span class='ocrx_word' id='word_1_500' title='bbox 1455 1770 1549 1799; x_wconf 79' lang='lat' dir='ltr'>pape,</span> <span class='ocrx_word' id='word_1_501' title='bbox 1574 1761 1722 1791; x_wconf 87' lang='lat' dir='ltr'>Petrucio</span> <span class='ocrx_word' id='word_1_502' title='bbox 1744 1762 1887 1800; x_wconf 82' lang='lat' dir='ltr'>Hongari</span> <span class='ocrx_word' id='word_1_503' title='bbox 1913 1767 1943 1792; x_wconf 89' lang='lat' dir='ltr'>et</span> <span class='ocrx_word' id='word_1_504' title='bbox 1967 1763 2158 1794; x_wconf 87' lang='lat' dir='ltr'>Tehalducio</span> 
     </span>
     <span class='ocr_line' id='line_1_71' title="bbox 1198 1814 1977 1854; baseline 0.003 -12"><span class='ocrx_word' id='word_1_505' title='bbox 1198 1817 1371 1851; x_wconf 73' lang='lat' dir='ltr'>muiatore,</span> <span class='ocrx_word' id='word_1_506' title='bbox 1392 1814 1524 1844; x_wconf 82' lang='lat' dir='ltr'>testibus</span> <span class='ocrx_word' id='word_1_507' title='bbox 1539 1815 1578 1844; x_wconf 89' lang='lat' dir='ltr'>ad</span> <span class='ocrx_word' id='word_1_508' title='bbox 1596 1814 1654 1844; x_wconf 88' lang='lat' dir='ltr'>bec</span> <span class='ocrx_word' id='word_1_509' title='bbox 1670 1815 1786 1845; x_wconf 84' lang='lat' dir='ltr'>vocatis</span> <span class='ocrx_word' id='word_1_510' title='bbox 1805 1819 1835 1845; x_wconf 92' lang='lat' dir='ltr'>et</span> <span class='ocrx_word' id='word_1_511' title='bbox 1850 1817 1977 1854; x_wconf 82' lang='lat' dir='ltr'>rogatis.</span> 
     </span>
    </p>

    <p class='ocr_par' dir='ltr' id='par_1_13' title="bbox 1197 1866 2159 2056">
     <span class='ocr_line' id='line_1_72' title="bbox 1240 1866 2157 1908; baseline 0.005 -13"><span class='ocrx_word' id='word_1_512' title='bbox 1240 1866 1356 1896; x_wconf 88' lang='lat' dir='ltr'>Eodem</span> <span class='ocrx_word' id='word_1_513' title='bbox 1373 1875 1495 1903; x_wconf 90' lang='lat' dir='ltr'>mense,</span> <span class='ocrx_word' id='word_1_514' title='bbox 1513 1867 1565 1896; x_wconf 88' lang='lat' dir='ltr'>die</span> <span class='ocrx_word' id='word_1_515' title='bbox 1581 1871 1701 1902; x_wconf 85' lang='lat' dir='ltr'>octavo,</span> <span class='ocrx_word' id='word_1_516' title='bbox 1717 1876 1822 1898; x_wconf 85' lang='lat' dir='ltr'>coram</span> <span class='ocrx_word' id='word_1_517' title='bbox 1838 1877 1889 1898; x_wconf 89' lang='lat' dir='ltr'>me</span> <span class='ocrx_word' id='word_1_518' title='bbox 1906 1868 2067 1908; x_wconf 87' lang='lat' dir='ltr'>Stephano</span> <span class='ocrx_word' id='word_1_519' title='bbox 2083 1869 2157 1900; x_wconf 91' lang='lat' dir='ltr'>scri·</span> 
     </span>
     <span class='ocr_line' id='line_1_73' title="bbox 1198 1919 2159 1961; baseline 0.004 -13"><span class='ocrx_word' id='word_1_520' title='bbox 1198 1919 1303 1948; x_wconf 75' lang='lat' dir='ltr'>nial-io</span> <span class='ocrx_word' id='word_1_521' title='bbox 1327 1923 1356 1948; x_wconf 86' lang='lat' dir='ltr'>et</span> <span class='ocrx_word' id='word_1_522' title='bbox 1372 1919 1438 1949; x_wconf 84' lang='lat' dir='ltr'>hiis</span> <span class='ocrx_word' id='word_1_523' title='bbox 1453 1920 1662 1958; x_wconf 80' lang='lat' dir='ltr'>infrascriptis</span> <span class='ocrx_word' id='word_1_524' title='bbox 1687 1921 1817 1950; x_wconf 88' lang='lat' dir='ltr'>testibus</span> <span class='ocrx_word' id='word_1_525' title='bbox 1840 1921 1879 1950; x_wconf 86' lang='lat' dir='ltr'>ad</span> <span class='ocrx_word' id='word_1_526' title='bbox 1899 1921 1958 1951; x_wconf 89' lang='lat' dir='ltr'>hec</span> <span class='ocrx_word' id='word_1_527' title='bbox 1980 1922 2159 1961; x_wconf 89' lang='lat' dir='ltr'>specialiter</span> 
     </span>
     <span class='ocr_line' id='line_1_74' title="bbox 1197 1972 2158 2010; baseline 0.005 -10"><span class='ocrx_word' id='word_1_528' title='bbox 1197 1972 1314 2002; x_wconf 84' lang='lat' dir='ltr'>vocatis</span> <span class='ocrx_word' id='word_1_529' title='bbox 1331 1976 1361 2001; x_wconf 91' lang='lat' dir='ltr'>et</span> <span class='ocrx_word' id='word_1_530' title='bbox 1376 1972 1506 2010; x_wconf 85' lang='lat' dir='ltr'>rogatis,</span> <span class='ocrx_word' id='word_1_531' title='bbox 1527 1973 1657 2003; x_wconf 89' lang='lat' dir='ltr'>domina</span> <span class='ocrx_word' id='word_1_532' title='bbox 1673 1973 1807 2003; x_wconf 84' lang='lat' dir='ltr'>Mabilia</span> <span class='ocrx_word' id='word_1_533' title='bbox 1822 1983 1902 2004; x_wconf 84' lang='lat' dir='ltr'>uxor</span> <span class='ocrx_word' id='word_1_534' title='bbox 1920 1975 1997 2005; x_wconf 89' lang='lat' dir='ltr'>dicti</span> <span class='ocrx_word' id='word_1_535' title='bbox 2018 1975 2158 2006; x_wconf 86' lang='lat' dir='ltr'>Romani</span> 
     </span>
     <span class='ocr_line' id='line_1_75' title="bbox 1197 2024 1779 2056; baseline 0.003 -2"><span class='ocrx_word' id='word_1_536' title='bbox 1197 2024 1357 2054; x_wconf 87' lang='lat' dir='ltr'>Johaunis</span> <span class='ocrx_word' id='word_1_537' title='bbox 1375 2025 1535 2055; x_wconf 81' lang='lat' dir='ltr'>Venti-ocii</span> <span class='ocrx_word' id='word_1_538' title='bbox 1551 2026 1716 2056; x_wconf 87' lang='lat' dir='ltr'>certiorata</span> <span class='ocrx_word' id='word_1_539' title='bbox 1720 2050 1779 2056; x_wconf 88' lang='grc'><strong>.....</strong></span> 
     </span>
    </p>

    <p class='ocr_par' dir='ltr' id='par_1_14' title="bbox 1197 2078 2157 2267">
     <span class='ocr_line' id='line_1_76' title="bbox 1236 2078 2155 2116; baseline 0.004 -9"><span class='ocrx_word' id='word_1_540' title='bbox 1236 2079 1352 2108; x_wconf 90' lang='lat' dir='ltr'>Actum</span> <span class='ocrx_word' id='word_1_541' title='bbox 1369 2083 1442 2108; x_wconf 87' lang='lat' dir='ltr'>ante</span> <span class='ocrx_word' id='word_1_542' title='bbox 1457 2078 1588 2109; x_wconf 88' lang='lat' dir='ltr'>domum</span> <span class='ocrx_word' id='word_1_543' title='bbox 1602 2079 1666 2109; x_wconf 91' lang='lat' dir='ltr'>mei</span> <span class='ocrx_word' id='word_1_544' title='bbox 1682 2079 1854 2116; x_wconf 86' lang='lat' dir='ltr'>scriniarii,</span> <span class='ocrx_word' id='word_1_545' title='bbox 1869 2089 1974 2110; x_wconf 90' lang='lat' dir='ltr'>coram</span> <span class='ocrx_word' id='word_1_546' title='bbox 1988 2081 2052 2111; x_wconf 88' lang='lat' dir='ltr'>hiis</span> <span class='ocrx_word' id='word_1_547' title='bbox 2066 2082 2155 2111; x_wconf 88' lang='lat' dir='ltr'>testi-</span> 
     </span>
     <span class='ocr_line' id='line_1_77' title="bbox 1197 2131 2157 2171; baseline 0.005 -11"><span class='ocrx_word' id='word_1_548' title='bbox 1197 2131 1255 2160; x_wconf 88' lang='lat' dir='ltr'>bus</span> <span class='ocrx_word' id='word_1_549' title='bbox 1271 2131 1309 2160; x_wconf 84' lang='lat' dir='ltr'>ad</span> <span class='ocrx_word' id='word_1_550' title='bbox 1326 2131 1385 2161; x_wconf 86' lang='lat' dir='ltr'>hec</span> <span class='ocrx_word' id='word_1_551' title='bbox 1403 2131 1581 2170; x_wconf 86' lang='lat' dir='ltr'>specialiter</span> <span class='ocrx_word' id='word_1_552' title='bbox 1596 2132 1714 2162; x_wconf 86' lang='lat' dir='ltr'>vocatis</span> <span class='ocrx_word' id='word_1_553' title='bbox 1733 2137 1762 2162; x_wconf 93' lang='lat' dir='ltr'>et</span> <span class='ocrx_word' id='word_1_554' title='bbox 1779 2133 1908 2171; x_wconf 85' lang='lat' dir='ltr'>rogatis,</span> <span class='ocrx_word' id='word_1_555' title='bbox 1927 2133 2030 2164; x_wconf 82' lang='lat' dir='ltr'>silicet</span> <span class='ocrx_word' id='word_1_556' title='bbox 2045 2135 2157 2165; x_wconf 89' lang='lat' dir='ltr'>Domi-</span> 
     </span>
     <span class='ocr_line' id='line_1_78' title="bbox 1197 2183 2156 2222; baseline 0.005 -10"><span class='ocrx_word' id='word_1_557' title='bbox 1197 2184 1268 2213; x_wconf 89' lang='lat' dir='ltr'>nico</span> <span class='ocrx_word' id='word_1_558' title='bbox 1291 2183 1383 2214; x_wconf 88' lang='lat' dir='ltr'>Pauli</span> <span class='ocrx_word' id='word_1_559' title='bbox 1409 2184 1562 2222; x_wconf 74' lang='lat' dir='ltr'>Raynerii</span> <span class='ocrx_word' id='word_1_560' title='bbox 1588 2183 1626 2213; x_wconf 90' lang='lat' dir='ltr'>de</span> <span class='ocrx_word' id='word_1_561' title='bbox 1652 2184 1770 2221; x_wconf 87' lang='lat' dir='ltr'>Fossis,</span> <span class='ocrx_word' id='word_1_562' title='bbox 1795 2185 1926 2215; x_wconf 89' lang='lat' dir='ltr'>Oddoue</span> <span class='ocrx_word' id='word_1_563' title='bbox 1948 2186 2099 2217; x_wconf 82' lang='lat' dir='ltr'>Sanitatis</span> <span class='ocrx_word' id='word_1_564' title='bbox 2118 2187 2156 2218; x_wconf 87' lang='lat' dir='ltr'>de</span> 
     </span>
     <span class='ocr_line' id='line_1_79' title="bbox 1198 2235 1623 2267; baseline -0.002 -1"><span class='ocrx_word' id='word_1_565' title='bbox 1198 2235 1352 2266; x_wconf 80' lang='lat' dir='ltr'>Sulmona</span> <span class='ocrx_word' id='word_1_566' title='bbox 1368 2240 1398 2266; x_wconf 89' lang='lat' dir='ltr'>et</span> <span class='ocrx_word' id='word_1_567' title='bbox 1414 2236 1508 2267; x_wconf 87' lang='lat' dir='ltr'>Petro</span> <span class='ocrx_word' id='word_1_568' title='bbox 1525 2237 1623 2266; x_wconf 84' lang='lat' dir='ltr'>Buxa.</span> 
     </span>
    </p>

    <p class='ocr_par' dir='ltr' id='par_1_15' title="bbox 1238 2289 1564 2328">
     <span class='ocr_line' id='line_1_80' title="bbox 1238 2289 1564 2328; baseline 0 -9"><span class='ocrx_word' id='word_1_569' title='bbox 1238 2290 1302 2327; x_wconf 84' lang='lat' dir='ltr'>Ego</span> <span class='ocrx_word' id='word_1_570' title='bbox 1318 2289 1499 2328; x_wconf 81' lang='lat' dir='ltr'>Stephanus</span> <span class='ocrx_word' id='word_1_571' title='bbox 1504 2313 1564 2319; x_wconf 91' lang='grc'>.....</span> 
     </span>
    </p>
   </div>
   <div class='ocr_carea' id='block_1_9' title="bbox 1643 2404 1671 2434">
    <p class='ocr_par' dir='ltr' id='par_1_16' title="bbox 1643 2404 1671 2434">
     <span class='ocr_line' id='line_1_81' title="bbox 1643 2404 1671 2434; baseline 0.071 -2"><span class='ocrx_word' id='word_1_572' title='bbox 1643 2404 1671 2434; x_wconf 81' lang='lat'>4.</span> 
     </span>
    </p>
   </div>
   <div class='ocr_carea' id='block_1_10' title="bbox 1196 2504 2156 2602">
    <p class='ocr_par' dir='ltr' id='par_1_17' title="bbox 1196 2504 2156 2602">
     <span class='ocr_line' id='line_1_82' title="bbox 1237 2504 2153 2547; baseline 0.007 -13"><span class='ocrx_word' id='word_1_573' title='bbox 1237 2505 1274 2534; x_wconf 90' lang='lat' dir='ltr'>In</span> <span class='ocrx_word' id='word_1_574' title='bbox 1290 2507 1302 2524; x_wconf 80' lang='lat'><strong>²</strong></span> <span class='ocrx_word' id='word_1_575' title='bbox 1325 2504 1458 2535; x_wconf 88' lang='lat' dir='ltr'>nomine</span> <span class='ocrx_word' id='word_1_576' title='bbox 1482 2505 1613 2535; x_wconf 88' lang='lat' dir='ltr'>Domini</span> <span class='ocrx_word' id='word_1_577' title='bbox 1618 2526 1678 2535; x_wconf 90' lang='lat'>.....</span> <span class='ocrx_word' id='word_1_578' title='bbox 1705 2506 1826 2536; x_wconf 87' lang='lat' dir='ltr'>mensis</span> <span class='ocrx_word' id='word_1_579' title='bbox 1848 2507 1956 2536; x_wconf 87' lang='lat' dir='ltr'>martii</span> <span class='ocrx_word' id='word_1_580' title='bbox 1978 2507 2030 2538; x_wconf 91' lang='lat' dir='ltr'>die</span> <span class='ocrx_word' id='word_1_581' title='bbox 2055 2513 2153 2547; x_wconf 76' lang='lat' dir='ltr'>sexto,</span> 
     </span>
     <span class='ocr_line' id='line_1_83' title="bbox 1196 2558 2156 2602; baseline 0.006 -15"><span class='ocrx_word' id='word_1_582' title='bbox 1196 2558 1383 2588; x_wconf 81' lang='lat' dir='ltr'>indictionis</span> <span class='ocrx_word' id='word_1_583' title='bbox 1407 2558 1480 2588; x_wconf 77' lang='lat' dir='ltr'><strong>VII⁴³</strong></span> <span class='ocrx_word' id='word_1_584' title='bbox 1484 2581 1543 2588; x_wconf 89' lang='lat'><em>.....</em></span> <span class='ocrx_word' id='word_1_585' title='bbox 1573 2559 1726 2597; x_wconf 80' lang='lat' dir='ltr'>magister</span> <span class='ocrx_word' id='word_1_586' title='bbox 1752 2559 1905 2590; x_wconf 87' lang='lat' dir='ltr'>Nicolaus</span> <span class='ocrx_word' id='word_1_587' title='bbox 1927 2561 2050 2592; x_wconf 89' lang='lat' dir='ltr'>domini</span> <span class='ocrx_word' id='word_1_588' title='bbox 2077 2572 2156 2602; x_wconf 90' lang='lat' dir='ltr'>pape</span> 
     </span>
    </p>
   </div>
   <div class='ocr_carea' id='block_1_11' title="bbox 1154 2744 2154 3071">
    <p class='ocr_par' dir='ltr' id='par_1_18' title="bbox 1154 2744 2154 2926">
     <span class='ocr_line' id='line_1_84' title="bbox 1192 2744 2154 2783; baseline 0.007 -13"><span class='ocrx_word' id='word_1_589' title='bbox 1192 2745 1215 2771; x_wconf 82' lang='lat'>1.</span> <span class='ocrx_word' id='word_1_590' title='bbox 1233 2744 1247 2771; x_wconf 87' lang='grc'><strong>6</strong></span> <span class='ocrx_word' id='word_1_591' title='bbox 1266 2752 1341 2771; x_wconf 83' lang='lat' dir='ltr'>mars</span> <span class='ocrx_word' id='word_1_592' title='bbox 1360 2744 1436 2771; x_wconf 73' lang='lat'>1279.</span> <span class='ocrx_word' id='word_1_593' title='bbox 1453 2759 1486 2765; x_wconf 96' lang='lat'><strong>—</strong></span> <span class='ocrx_word' id='word_1_594' title='bbox 1502 2744 1662 2776; x_wconf 86' lang='lat' dir='ltr'>Romanus,</span> <span class='ocrx_word' id='word_1_595' title='bbox 1680 2746 1724 2772; x_wconf 87' lang='lat' dir='ltr'>fils</span> <span class='ocrx_word' id='word_1_596' title='bbox 1741 2745 1774 2772; x_wconf 90' lang='lat' dir='ltr'>de</span> <span class='ocrx_word' id='word_1_597' title='bbox 1789 2745 1860 2772; x_wconf 84' lang='lat' dir='ltr'>Jean</span> <span class='ocrx_word' id='word_1_598' title='bbox 1879 2746 2062 2783; x_wconf 72' lang='lat' dir='ltr'>Venti-ocius,</span> <span class='ocrx_word' id='word_1_599' title='bbox 2079 2750 2113 2776; x_wconf 89' lang='lat' dir='ltr'>de</span> <span class='ocrx_word' id='word_1_600' title='bbox 2129 2751 2154 2777; x_wconf 86' lang='lat' dir='ltr'>la</span> 
     </span>
     <span class='ocr_line' id='line_1_85' title="bbox 1155 2792 2154 2832; baseline 0.007 -14"><span class='ocrx_word' id='word_1_601' title='bbox 1155 2794 1252 2827; x_wconf 82' lang='lat' dir='ltr'>region</span> <span class='ocrx_word' id='word_1_602' title='bbox 1269 2792 1320 2819; x_wconf 83' lang='lat' dir='ltr'>des</span> <span class='ocrx_word' id='word_1_603' title='bbox 1337 2792 1527 2825; x_wconf 86' lang='lat' dir='ltr'>Scorteelarii,</span> <span class='ocrx_word' id='word_1_604' title='bbox 1545 2793 1618 2820; x_wconf 87' lang='lat' dir='ltr'>vend</span> <span class='ocrx_word' id='word_1_605' title='bbox 1632 2802 1667 2820; x_wconf 91' lang='lat' dir='ltr'>au</span> <span class='ocrx_word' id='word_1_606' title='bbox 1685 2795 1776 2820; x_wconf 62' lang='lat' dir='ltr'>meme</span> <span class='ocrx_word' id='word_1_607' title='bbox 1792 2795 1930 2822; x_wconf 78' lang='lat' dir='ltr'>came&#39;rier</span> <span class='ocrx_word' id='word_1_608' title='bbox 1945 2796 1987 2823; x_wconf 89' lang='lat' dir='ltr'>les</span> <span class='ocrx_word' id='word_1_609' title='bbox 2001 2797 2103 2832; x_wconf 79' lang='lat' dir='ltr'>vignes</span> <span class='ocrx_word' id='word_1_610' title='bbox 2119 2798 2154 2825; x_wconf 90' lang='lat' dir='ltr'>de</span> 
     </span>
     <span class='ocr_line' id='line_1_86' title="bbox 1154 2841 2153 2881; baseline 0.007 -14"><span class='ocrx_word' id='word_1_611' title='bbox 1154 2842 1224 2868; x_wconf 85' lang='lat' dir='ltr'>trois</span> <span class='ocrx_word' id='word_1_612' title='bbox 1240 2842 1345 2876; x_wconf 71' lang='lat' dir='ltr'>piceos,</span> <span class='ocrx_word' id='word_1_613' title='bbox 1363 2841 1438 2868; x_wconf 83' lang='lat' dir='ltr'>sises</span> <span class='ocrx_word' id='word_1_614' title='bbox 1455 2843 1483 2868; x_wconf 85' lang='lat' dir='ltr'>in</span> <span class='ocrx_word' id='word_1_615' title='bbox 1496 2844 1662 2875; x_wconf 78' lang='lat' dir='ltr'>proprietate</span> <span class='ocrx_word' id='word_1_616' title='bbox 1675 2844 1779 2869; x_wconf 78' lang='lat' dir='ltr'>ecclesie</span> <span class='ocrx_word' id='word_1_617' title='bbox 1793 2852 1814 2869; x_wconf 77' lang='lat' dir='ltr'>s.</span> <span class='ocrx_word' id='word_1_618' title='bbox 1831 2845 1933 2877; x_wconf 75' lang='lat' dir='ltr'>Eyidii,</span> <span class='ocrx_word' id='word_1_619' title='bbox 1950 2845 2017 2872; x_wconf 86' lang='lat' dir='ltr'>hors</span> <span class='ocrx_word' id='word_1_620' title='bbox 2032 2847 2057 2873; x_wconf 87' lang='lat' dir='ltr'>la</span> <span class='ocrx_word' id='word_1_621' title='bbox 2074 2852 2153 2881; x_wconf 82' lang='lat' dir='ltr'>porte</span> 
     </span>
     <span class='ocr_line' id='line_1_87' title="bbox 1154 2889 2151 2926; baseline 0.008 -11"><span class='ocrx_word' id='word_1_622' title='bbox 1154 2889 1306 2916; x_wconf 83' lang='lat' dir='ltr'>Viridaria.</span> <span class='ocrx_word' id='word_1_623' title='bbox 1326 2904 1362 2910; x_wconf 94' lang='lat'>—</span> <span class='ocrx_word' id='word_1_624' title='bbox 1383 2890 1397 2917; x_wconf 79' lang='lat'><em>8</em></span> <span class='ocrx_word' id='word_1_625' title='bbox 1418 2898 1505 2917; x_wconf 84' lang='lat' dir='ltr'>mars.</span> <span class='ocrx_word' id='word_1_626' title='bbox 1528 2890 1709 2918; x_wconf 83' lang='lat' dir='ltr'>Ratification</span> <span class='ocrx_word' id='word_1_627' title='bbox 1727 2900 1777 2926; x_wconf 86' lang='lat' dir='ltr'>par</span> <span class='ocrx_word' id='word_1_628' title='bbox 1796 2892 1821 2918; x_wconf 92' lang='lat' dir='ltr'>la</span> <span class='ocrx_word' id='word_1_629' title='bbox 1841 2893 1944 2920; x_wconf 83' lang='lat' dir='ltr'>femme</span> <span class='ocrx_word' id='word_1_630' title='bbox 1961 2894 1998 2920; x_wconf 88' lang='lat' dir='ltr'>du</span> <span class='ocrx_word' id='word_1_631' title='bbox 2015 2896 2151 2923; x_wconf 83' lang='lat' dir='ltr'>vendeur.</span> 
     </span>
    </p>

    <p class='ocr_par' dir='ltr' id='par_1_19' title="bbox 1154 2938 2152 3071">
     <span class='ocr_line' id='line_1_88' title="bbox 1190 2938 2150 2977; baseline 0.008 -13"><span class='ocrx_word' id='word_1_632' title='bbox 1190 2938 1216 2964; x_wconf 68' lang='lat' dir='ltr'>Q,</span> <span class='ocrx_word' id='word_1_633' title='bbox 1235 2938 1250 2965; x_wconf 84' lang='lat'>6</span> <span class='ocrx_word' id='word_1_634' title='bbox 1267 2946 1343 2964; x_wconf 88' lang='lat' dir='ltr'>mars</span> <span class='ocrx_word' id='word_1_635' title='bbox 1358 2938 1436 2966; x_wconf 65' lang='lat'><strong>1279.</strong></span> <span class='ocrx_word' id='word_1_636' title='bbox 1451 2938 1627 2973; x_wconf 88' lang='lat' dir='ltr'>—Nicolas,</span> <span class='ocrx_word' id='word_1_637' title='bbox 1645 2944 1759 2966; x_wconf 85' lang='lat' dir='ltr'>recteur</span> <span class='ocrx_word' id='word_1_638' title='bbox 1774 2940 1808 2967; x_wconf 88' lang='lat' dir='ltr'>de</span> <span class='ocrx_word' id='word_1_639' title='bbox 1826 2941 1934 2976; x_wconf 78' lang='lat' dir='ltr'>Peglise</span> <span class='ocrx_word' id='word_1_640' title='bbox 1952 2942 2150 2977; x_wconf 85' lang='lat' dir='ltr'>Saint-Gilles,</span> 
     </span>
     <span class='ocr_line' id='line_1_89' title="bbox 1154 2986 2152 3022; baseline 0.008 -10"><span class='ocrx_word' id='word_1_641' title='bbox 1154 2995 1203 3021; x_wconf 89' lang='lat' dir='ltr'>par</span> <span class='ocrx_word' id='word_1_642' title='bbox 1221 2986 1304 3012; x_wconf 89' lang='lat' dir='ltr'>ordre</span> <span class='ocrx_word' id='word_1_643' title='bbox 1320 2986 1357 3013; x_wconf 90' lang='lat' dir='ltr'>du</span> <span class='ocrx_word' id='word_1_644' title='bbox 1374 2995 1462 3022; x_wconf 81' lang='lat' dir='ltr'>pape,</span> <span class='ocrx_word' id='word_1_645' title='bbox 1483 2987 1555 3013; x_wconf 88' lang='lat' dir='ltr'>vend</span> <span class='ocrx_word' id='word_1_646' title='bbox 1572 2996 1607 3014; x_wconf 86' lang='lat' dir='ltr'>au</span> <span class='ocrx_word' id='word_1_647' title='bbox 1624 2988 1715 3014; x_wconf 74' lang='grc'><strong>11181118</strong></span> <span class='ocrx_word' id='word_1_648' title='bbox 1730 2990 1868 3016; x_wconf 79' lang='lat' dir='ltr'>camericr</span> <span class='ocrx_word' id='word_1_649' title='bbox 1883 2991 1907 3017; x_wconf 80' lang='lat' dir='ltr'>le</span> <span class='ocrx_word' id='word_1_650' title='bbox 1923 2992 1965 3017; x_wconf 92' lang='lat' dir='ltr'>sol</span> <span class='ocrx_word' id='word_1_651' title='bbox 1982 2991 2033 3018; x_wconf 88' lang='lat' dir='ltr'>des</span> <span class='ocrx_word' id='word_1_652' title='bbox 2044 2993 2152 3020; x_wconf 78' lang='lat' dir='ltr'>memes</span> 
     </span>
     <span class='ocr_line' id='line_1_90' title="bbox 1155 3034 1834 3071; baseline 0.004 -10"><span class='ocrx_word' id='word_1_653' title='bbox 1155 3035 1252 3069; x_wconf 76' lang='lat' dir='ltr'>pieces</span> <span class='ocrx_word' id='word_1_654' title='bbox 1268 3034 1302 3061; x_wconf 94' lang='lat' dir='ltr'>de</span> <span class='ocrx_word' id='word_1_655' title='bbox 1320 3035 1404 3069; x_wconf 83' lang='lat' dir='ltr'>vigne</span> <span class='ocrx_word' id='word_1_656' title='bbox 1420 3044 1475 3069; x_wconf 86' lang='lat' dir='ltr'>que</span> <span class='ocrx_word' id='word_1_657' title='bbox 1491 3035 1562 3062; x_wconf 85' lang='lat' dir='ltr'>dans</span> <span class='ocrx_word' id='word_1_658' title='bbox 1576 3036 1656 3063; x_wconf 85' lang='lat' dir='ltr'>l&#39;acte</span> <span class='ocrx_word' id='word_1_659' title='bbox 1673 3037 1834 3071; x_wconf 74' lang='lat' dir='ltr'>precedent.</span> 
     </span>
    </p>
   </div>
  </div>
 </body>
</html>
