2465 3582
273 336 317 367 38

319 403 447 432 cialiter
463 401 641 439 eligendos,
661 401 892 431 committentes
910 401 997 430 vobis
1016 410 1108 440 super
1125 401 1188 430 hiis
1204 401 1270 439 ple-

320 457 412 485 narie
435 455 519 484 vices
544 458 682 489 nostras,
709 455 752 482 ita
777 453 860 491 quod
890 458 937 489 tu,
960 453 1056 483 frater
1081 453 1271 483 venerabilis

321 507 467 546 episcope
483 506 686 542 Afflanensis,
703 514 808 543 regem
829 510 859 534 et
877 506 1020 543 reginam
1043 507 1181 544 inungas
1202 515 1271 536 eos-

325 560 410 595 dem,
436 568 553 598 vosque
575 559 713 588 universi
737 558 784 587 vel
807 558 855 587 illi
879 564 1016 588 vestrum
1044 559 1096 597 qui
1114 563 1273 598 presentes

322 613 442 642 fuerint
457 612 575 641 eisdem
590 620 720 641 coronas
736 611 867 649 predicti
884 613 972 649 regni
989 612 1097 642 Sicilie
1117 612 1272 648 tribuatis,

325 674 501 703 eorumque
523 664 653 693 vertices
672 664 798 693 inclitos
818 664 954 694 reddatis
973 665 1101 694 illarum
1123 665 1272 702 insigniis

323 727 397 748 cum
415 717 514 746 solitis
533 716 819 755 sollempnitatibus
835 717 1006 748 decoratos

366 783 378 795 ι»
402 770 555 805 Quocirca
576 769 761 799 discretioni
780 774 881 799 vestre
900 780 954 809 per
973 770 1140 808 apostolica
1159 771 1274 809 scripta

327 823 520 852 mandamus
542 823 692 860 quatinus
711 823 743 851 in
768 823 854 852 Urbe
872 824 1097 853 convenientes
1116 825 1148 852 in
1173 833 1273 853 unum

328 876 439 906 eadem
456 875 745 913 sollempniajuxta
758 875 945 914 hujusmodi
960 877 1093 906 formam
1110 877 1197 906 vobis
1217 881 1274 906 tra-

325 928 424 957 ditam
448 929 481 957 in
500 929 629 957 nomine
646 937 681 957 ac
704 929 817 958 virtuto
839 928 996 958 Altissimi
1016 931 1196 967 prudenter,
1218 930 1272 959 ho-

328 981 459 1010 norifice
475 990 510 1010 ac
532 981 624 1010 etiam
645 981 824 1018 diligenter,
846 987 936 1020 prout
954 982 1041 1011 decet
1061 987 1122 1011 tam
1138 983 1273 1012 arduum

325 1038 356 1064 et
382 1033 556 1072 sollempne
584 1035 746 1071 negotium
770 1035 897 1073 exsequi
918 1036 1078 1064 studeatis.
1105 1037 1274 1074 Speramus

324 1090 430 1116 autem
449 1087 480 1115 in
499 1087 635 1116 Domino
651 1087 733 1125 quod
751 1088 847 1116 iidem
866 1097 916 1117 rex
936 1094 965 1117 et
983 1089 1092 1125 regina
1108 1094 1191 1118 tante
1207 1098 1274 1128 gra-

324 1140 365 1168 tie
387 1140 644 1177 magnitudinem
667 1141 820 1170 memorie
843 1141 1015 1178 signaculis
1038 1141 1139 1171 taliter
1161 1141 1274 1179 alliga-

324 1193 405 1222 bunt
419 1193 502 1231 quod
520 1194 551 1221 in
568 1193 806 1223 delectationen]
829 1194 875 1223 eis
894 1195 1001 1223 veniet
1022 1195 1167 1224 oninium
1186 1195 1270 1225 Con-

323 1246 419 1275 ditori
433 1256 485 1284 per
495 1246 631 1276 virtuose
642 1247 703 1275 vite
713 1247 850 1275 studium
864 1256 899 1276 ac
910 1251 1015 1276 sancte
1026 1248 1125 1286 ipsius
1140 1248 1274 1278 Ecclesie

325 1299 451 1338 placere
463 1299 580 1337 jugiter
596 1309 649 1338 per
665 1300 786 1329 sincere
804 1300 978 1329 devotionis
994 1306 1213 1338 augmentum.
1229 1303 1274 1331 De

325 1352 495 1381 clementia
512 1361 638 1391 quoque
654 1353 736 1389 regis
755 1353 883 1390 superni
902 1354 1092 1383 confidimus
1108 1355 1190 1393 quod
1208 1355 1274 1393 ipse

323 1405 483 1434 diutinam
504 1405 704 1434 afflictionem
732 1412 759 1434 et
784 1406 929 1435 lacrimas
954 1408 1137 1437 afflictorum
1165 1410 1274 1446 prefati

324 1459 418 1496 regni
446 1468 481 1488 ex
507 1459 569 1488 alto
591 1459 800 1497 prospiciens,
823 1468 858 1488 ac
883 1460 1092 1489 intentionenr
1119 1471 1229 1499 puram
1246 1467 1276 1492 et

324 1511 441 1541 bonam
467 1511 568 1550 ipsius
591 1512 673 1549 regis
700 1511 808 1541 Sicilie
832 1512 1004 1542 clementer
1028 1514 1208 1551 advertens,
1232 1515 1273 1552 ei,

326 1565 381 1603 qui
396 1566 530 1604 justam,
548 1569 687 1593 sanctam
711 1569 740 1594 et
761 1565 845 1602 piam
862 1574 989 1595 causam
1005 1568 1219 1605 prosequitur,
1237 1569 1275 1599 de

325 1622 414 1656 parte
436 1618 577 1657 opposita
602 1618 820 1656 tribumphum
846 1618 1088 1650 desiderabilem
1112 1621 1275 1659 largietur.

327 1671 474 1701 Ceterum
490 1671 567 1709 quia
579 1680 613 1700 ex
628 1671 721 1700 certis
733 1671 832 1709 pactis
848 1671 931 1701 inter
942 1672 1114 1702 Ecclesiam
1127 1679 1157 1703 et
1170 1684 1276 1712 regem

330 1724 456 1754 eosdem
480 1724 590 1753 haberi
617 1724 798 1754 dinoscatur
819 1725 901 1763 quod
926 1725 1029 1755 dictus
1054 1736 1105 1755 rex
1133 1728 1223 1757 nobis
1248 1733 1278 1758 et

326 1777 430 1807 eidem
449 1777 587 1806 Ecclesie
604 1777 788 1815 homagium
806 1777 944 1817 lig[i]um
970 1788 1025 1816 pro
1047 1788 1145 1817 regno
1166 1781 1233 1819 ipso
1248 1786 1278 1811 et

327 1831 419 1860 terris
435 1830 508 1859 aliis
530 1830 592 1859 sibi
609 1830 648 1860 ab
670 1830 801 1860 ecclesia
818 1832 934 1869 prelata
953 1834 1108 1861 concessis
1128 1833 1277 1864 exhibere

326 1887 464 1919 tenetur,
482 1883 628 1913 volumus
645 1883 727 1921 quod
746 1883 929 1922 hujusmodi
947 1884 1130 1922 homagium
1151 1896 1204 1924 pro
1219 1897 1274 1917 no-

325 1937 375 1966 bis
391 1945 426 1966 ac
440 1936 522 1966 dicta
537 1937 666 1965 ecclesia
680 1937 817 1975 recipere
833 1937 1016 1967 nullatenus
1034 1939 1197 1969 omittatis.
1218 1941 1277 1969 l'er

326 1989 482 2028 premissa
504 1989 662 2027 siquidem
687 1990 899 2019 coronationis
920 1996 949 2019 et
971 1992 1189 2022 inunctionis¹
1214 1993 1275 2023 sol-

324 2042 466 2081 lempnia
486 2043 711 2072 Pauorniitane
727 2052 783 2072 seu
801 2043 964 2081 aliquibus
983 2043 1055 2073 aliis
1071 2045 1211 2075 ecclesiis
1227 2047 1276 2076 vel

326 2096 582 2133 quibuscumque
606 2095 749 2133 personis
774 2099 801 2124 et
828 2095 905 2125 locis
929 2106 965 2125 ex
991 2106 1027 2127 eo
1051 2099 1133 2136 quod
1157 2099 1276 2129 eisdem

325 2148 526 2186 sollempniis
549 2157 612 2177 non
637 2148 803 2178 intersunt
821 2149 869 2177 vel
894 2150 977 2187 quod
998 2149 1051 2179 illa
1069 2151 1101 2180 in
1119 2152 1191 2181 sede
1209 2152 1277 2191 ipsa

329 2209 394 2229 non
408 2200 491 2229 fiunt
504 2205 558 2229 aut
570 2200 647 2229 alias
659 2203 670 2219 ²
682 2200 809 2230 nullum
826 2201 973 2231 volumus
987 2202 1021 2231 in
1037 2207 1195 2241 posterum
1209 2214 1276 2243 pre-

321 2253 478 2291 judicium
496 2253 652 2290 generari.

366 2318 378 2333 »
398 2306 512 2335 Datum
530 2307 651 2335 Perusii
663 2307 728 2336 1111
745 2307 807 2336 kal.
822 2308 976 2346 januarii,
991 2310 1190 2347 pontificatus
1207 2320 1276 2341 nos-

319 2360 359 2388 tri
374 2368 459 2388 anno
479 2359 591 2397 primo.
611 2372 623 2386 »

362 2412 427 2441 Nos
446 2412 544 2449 igitur
560 2412 700 2442 volentes
720 2413 904 2452 hujusmodi
923 2416 1108 2446 mandatum
1125 2418 1276 2455 apostoli-

323 2474 396 2495 cum
423 2466 552 2503 exsequi
580 2465 761 2503 diligenter,
792 2467 825 2495 in
850 2467 936 2497 Urbe.
956 2469 1165 2499 convenimus
1190 2472 1275 2500 etin

319 2518 451 2547 basilica
469 2519 621 2557 principis
641 2519 850 2557 apostolorum
870 2520 908 2549 de
927 2521 1029 2558 Urbe,
1047 2529 1192 2560 presente
1212 2528 1274 2553 tam

325 2570 517 2609 prelatorum
542 2580 637 2609 quam
652 2572 663 2591 ³
684 2571 821 2601 aliorum
840 2573 981 2603 fidelium
1000 2575 1208 2606 multitudine
1223 2586 1275 2607 co-

319 2624 425 2661 piosa,
444 2624 510 2661 regi
530 2627 559 2652 et
576 2624 685 2661 regine
704 2625 849 2662 predictis
870 2628 1036 2656 memorati
1059 2629 1150 2666 regni
1167 2630 1276 2661 Sicilie

323 2685 455 2706 coronas
468 2677 639 2706 commissa
652 2678 742 2707 nobis
757 2680 939 2708 anctoritate
954 2680 1137 2717 tribuimus,
1153 2692 1273 2713 eorum-

321 2738 384 2767 que
401 2730 534 2758 vertices
547 2729 674 2760 inclitos
686 2730 884 2760 reddidimus
898 2732 1024 2762 illarum
1037 2734 1186 2772 insigniis
1201 2745 1274 2766 cum

313 2893 338 2919 1.
356 2893 418 2919 eod,
435 2892 620 2920 inventionis.

312 2942 340 2968 2.
358 2942 420 2968 sod.
437 2942 519 2968 alios.

309 2989 337 3016 3.
354 2990 417 3017 Cod.
432 2998 563 3024 quarum.

819 335 869 364 LE
892 335 1035 364 LIBER
1058 334 1289 365 CENSUUM
1311 334 1365 363 DE
1388 325 1573 364 L'EGLISE
1595 334 1803 365 ROMAINE.

1392 400 1493 430 solitis
1506 400 1771 431 sollemnitatibus
1785 402 1956 437 decoratos,
1970 402 2116 441 impenso
2131 403 2218 441 prius
2233 412 2286 442 per
2297 412 2347 433 me

1392 452 1566 482 Radulfum
1600 453 1817 484 Albanensem
1849 455 2030 493 episcopum
2062 455 2181 485 eisdem
2214 457 2281 494 regi
2312 465 2348 486 ac

1392 506 1503 542 regine
1523 506 1608 544 justa
1631 506 1817 536 mandatum
1843 507 2049 545 apostolicum
2075 516 2163 538 sacre
2187 509 2348 539 unctionis

1393 558 1568 587 venerabili
1588 564 1799 590 sacramento.
1818 561 1844 589 A
1862 560 1979 598 prefato
1996 569 2121 599 quoque
2136 561 2265 591 domino
2280 561 2348 591 Ka-

1393 610 1460 640 rolo
1483 620 1556 648 rege
1574 611 1684 641 Sicilie
1708 621 1766 642 nos
1789 613 1918 642 nomine
1939 617 1969 642 et
1989 613 2055 642 vice
2075 613 2207 651 predicti
2226 614 2349 644 domini

1393 663 1567 694 Clementis
1594 673 1672 703 pape
1704 665 1767 694 1111
1795 669 1826 694 et
1856 674 2071 695 successorum
2102 667 2170 705 ejus
2197 667 2350 697 canonice

1394 716 1584 745 intrantium
1613 721 1643 745 et
1668 717 1812 747 Romane
1835 717 1966 747 ecclesie
1991 727 2044 756 pro
2068 727 2166 756 regno
2188 719 2296 749 Sicilie
2319 723 2350 750 et

1397 773 1457 798 tota
1477 773 1558 798 terra
1573 779 1633 808 que
1650 774 1696 799 est
1713 770 1792 799 citra
1808 770 1923 800 Farum
1947 780 2046 809 usque
2066 772 2105 800 ad
2127 772 2265 802 confinia
2289 776 2349 802 ter-

1395 831 1503 852 rarum
1529 823 1629 860 ipsius
1655 823 1799 853 Romane
1824 824 1965 860 ecclesie,
1987 833 2049 862 que
2070 825 2180 863 utique
2203 826 2350 863 Regnum

1395 878 1424 904 et
1441 880 1554 904 terrani
1571 880 1697 913 excepta
1710 876 1839 906 civitate
1856 876 2080 906 Beneventana
2096 886 2168 906 cuni
2186 880 2247 907 toto
2264 878 2349 908 terri-

1396 928 1475 958 torio
1491 933 1520 957 et
1537 929 1685 958 omnibus
1704 929 1900 958 districtibus
1919 934 1948 958 et
1965 929 2164 968 pertinentiis
2184 931 2250 959 suis
2267 931 2350 961 dicto

1396 981 1463 1018 regi
1480 981 1590 1010 eadem
1607 981 1739 1011 ecclesia
1758 982 1901 1011 Romana
1917 982 2087 1019 concessit,
2108 982 2221 1020 ligium
2241 983 2351 1014 homa-

1395 1035 1483 1072 gium
1503 1034 1674 1072 recipimus
1691 1035 1723 1063 in
1742 1034 1827 1064 hunc
1844 1035 1985 1065 modum.

1438 1100 1449 1113 «
1470 1088 1534 1117 Nos
1550 1087 1690 1116 Karulus
1704 1088 1760 1117 Dei
1777 1088 1876 1125 gratia
1893 1097 1943 1117 rex
1959 1088 2077 1125 Sicilie,
2090 1088 2221 1118 ducatus
2235 1089 2352 1128 Apulie

1396 1144 1426 1170 et
1449 1140 1646 1178 principatus
1672 1141 1788 1179 Capue,
1814 1141 1852 1170 ad
1876 1141 2029 1171 honorem
2048 1142 2106 1171 Dei
2125 1142 2352 1181 omnipotentis

1397 1194 1501 1223 Patris
1526 1198 1555 1223 et
1580 1194 1653 1223 Filii
1672 1198 1701 1224 et
1723 1194 1859 1232 Spiritus
1875 1195 1993 1231 sancti,
2011 1204 2046 1225 ac
2065 1196 2152 1225 beate
2171 1200 2199 1225 et
2217 1196 2352 1234 gloriose

1396 1255 1582 1284 semperque
1607 1247 1740 1284 virginis
1768 1248 1866 1276 Marie
1888 1248 2113 1287 beatorumque
2140 1249 2352 1287 apostolorum

1397 1301 1480 1330 Petri
1508 1305 1537 1330 et
1562 1300 1652 1329 Pauli
1681 1309 1805 1330 necnon
1832 1300 2024 1330 sanctissimi
2054 1302 2153 1340 patris
2178 1307 2208 1331 et
2231 1302 2353 1332 domini

1396 1353 1495 1382 nostri
1518 1353 1641 1382 domini
1657 1352 1829 1382 Clementis
1853 1362 1929 1391 pape
1946 1354 2009 1383 1111
2027 1359 2056 1383 et
2073 1359 2270 1385 sacrosancte
2287 1355 2352 1384 Ro-

1396 1415 1490 1436 mane
1507 1406 1647 1442 ecclesie,
1659 1406 1759 1441 vobis,
1777 1406 1914 1436 dominis
1925 1407 2060 1437 Radulso
2077 1407 2252 1437 Albanensi
2268 1409 2353 1447 epis-

1395 1468 1481 1498 copo,
1497 1459 1657 1488 Aucherio
1674 1459 1758 1488 tituli
1774 1463 1880 1488 sancte
1897 1460 2046 1489 Praxedis
2064 1461 2257 1499 presbytero,
2277 1461 2352 1491 Ric-

1397 1512 1490 1542 cardo
1503 1512 1605 1542 sancti
1619 1512 1925 1550 Angeli,Gottif1-ido
1937 1513 2035 1542 sancti
2048 1513 2176 1551 Georgii
2187 1514 2226 1543 ad
2237 1514 2353 1544 Velum

1399 1574 1531 1595 aureum
1545 1570 1574 1595 et
1586 1565 1713 1596 Matheo
1724 1569 1830 1595 sancte
1843 1566 1942 1595 Marie
1951 1566 1982 1595 in
1996 1566 2119 1596 Porticu
2130 1567 2273 1597 diaconis
2284 1576 2351 1597 car-

1398 1618 1570 1655 dinalibus,
1584 1618 1701 1657 quibus
1717 1627 1772 1657 per
1785 1617 1907 1647 litteras
1924 1627 1996 1648 suas
2012 1619 2098 1648 idem
2114 1619 2264 1650 dominus
2276 1629 2354 1659 papa

1399 1672 1558 1702 commisit
1580 1671 1794 1709 receptionem
1818 1671 1887 1709 ligii
1914 1671 2056 1709 homagii
2072 1672 2157 1710 quod
2179 1681 2233 1711 pro
2256 1681 2353 1711 regno

1399 1725 1509 1755 Sicilie
1529 1733 1563 1754 ac
1584 1724 1655 1753 aliis
1678 1724 1768 1753 terris
1791 1724 1880 1754 nobis
1897 1733 1915 1753 a
1929 1725 2047 1763 prefata
2061 1725 2193 1755 ecclesia
2209 1726 2354 1755 Romana.

1398 1777 1558 1807 concessis
1580 1782 1725 1806 tenemur
1745 1777 1846 1806 eidem
1870 1777 2003 1807 domino
2020 1777 2177 1807 Clementi
2193 1788 2270 1817 pape
2286 1779 2353 1808 IIII

1399 1835 1428 1860 et
1446 1832 1515 1869 ejus
1536 1831 1772 1860 successoribus
1786 1831 1940 1860 canonice
1956 1831 2155 1861 intrantibus
2171 1835 2200 1861 et
2217 1833 2355 1871 predicte

1400 1885 1531 1914 ecclesie
1549 1884 1690 1913 Romane
1708 1884 1821 1921 facere,
1839 1893 1874 1913 ac
1892 1884 1924 1913 in
1942 1885 2093 1914 manibus
2110 1886 2221 1914 vestris
2238 1887 2306 1915 vice
2324 1890 2357 1915 et

1400 1938 1533 1967 nomine
1555 1938 1657 1976 ipsius
1681 1937 1803 1966 domini
1829 1936 2001 1966 Clementis
2021 1946 2097 1975 pape
2118 1941 2147 1966 et
2170 1937 2355 1976 hujusmodi

1399 1991 1467 2028 ejus
1490 1990 1726 2019 successoribus
1744 1999 1778 2019 ac
1793 1989 1910 2028 prefate
1931 1990 2072 2019 Romane
2093 1989 2236 2026 ecclesie,
2254 1995 2284 2020 et
2299 1999 2354 2029 per

1399 2052 1453 2073 vos
1475 2043 1594 2072 eisdem
1621 2042 1750 2072 domino
1774 2051 1868 2080 pape,
1898 2042 2132 2072 successoribus
2157 2048 2187 2072 et
2210 2043 2355 2074 Romane

1400 2096 1543 2132 ecclesie,
1562 2095 1675 2134 ligium
1698 2096 1881 2134 homagium
1898 2095 2032 2125 facimus
2051 2105 2106 2134 pro
2125 2105 2223 2134 regno
2242 2096 2353 2127 Sicilie

1398 2159 1433 2179 ac
1458 2154 1518 2179 tota
1543 2154 1624 2178 terra
1645 2158 1705 2187 que
1728 2154 1773 2178 est
1796 2150 1872 2178 citra
1893 2149 2008 2178 Farum
2030 2158 2130 2187 usque
2151 2149 2189 2178 ad
2215 2150 2354 2180 confinia

1401 2207 1556 2232 terrarum
1582 2202 1724 2241 ejusdem
1748 2202 1890 2231 Romane
1907 2201 2048 2237 ecclesie,
2066 2211 2128 2240 que
2147 2202 2257 2241 utique
2277 2212 2353 2241 reg-

1400 2265 1478 2285 num
1497 2260 1527 2285 et
1543 2260 1657 2284 terram
1675 2260 1801 2293 excepta
1816 2255 1941 2284 civitate
1959 2255 2184 2284 Beneventana
2202 2264 2274 2285 cum
2292 2259 2356 2286 toto

1401 2309 1559 2338 territorio
1576 2313 1606 2337 et
1623 2308 1771 2337 omnibus
1794 2307 1986 2337 districtibus
2010 2311 2038 2337 et
2060 2307 2265 2346 pertinentiis
2289 2308 2356 2338 suis

1400 2361 1492 2391 nobis
1516 2366 1545 2390 et
1566 2360 1737 2390 heredibus
1760 2366 1874 2391 nostris
1898 2360 2038 2399 predicta
2060 2360 2192 2390 ecclesia
2210 2361 2355 2392 Romana

1399 2415 1566 2445 concessit.
1590 2426 1602 2440 »

1438 2468 1475 2497 ln
1492 2468 1590 2506 hujus
1605 2470 1710 2496 autem
1725 2466 1771 2496 rei
1789 2466 2008 2496 testimonium
2021 2469 2272 2505 perpetuamque
2285 2475 2355 2496 me-

1399 2522 1534 2551 moriam
1552 2529 1681 2559 presens
1701 2520 1854 2559 scriptum
1874 2520 2010 2558 predicto
2031 2520 2098 2558 regi
2120 2520 2350 2556 concessimus,

1397 2574 1578 2612 sigillorum
1605 2578 1786 2603 nostrorum
1812 2573 1996 2603 munimine
2018 2573 2211 2603 roboratum.
2237 2574 2356 2603 Actum

1396 2628 1498 2657 Rome
1518 2627 1551 2656 in
1570 2626 1708 2665 predicta
1726 2626 1867 2661 basilica,
1886 2626 1928 2655 VI
1941 2626 2096 2664 januarii,
2114 2626 2148 2655 in
2166 2626 2246 2656 festo
2264 2625 2356 2655 vide-

1397 2681 1475 2710 licet
1502 2680 1679 2719 Epiphanie
1700 2680 1845 2715 Domini,
1867 2680 1962 2709 VIIII
1977 2679 2172 2716 indictione,
2189 2688 2273 2709 anno
2290 2679 2356 2709 Do-

1396 2734 1479 2763 mini
1505 2733 1676 2763 millesimo
1697 2732 1879 2768 CC⁰LXV⁰,
1903 2733 2104 2771 pontificatus
2129 2741 2203 2762 vero
2220 2732 2355 2771 predicti

1398 2788 1522 2817 domini
1538 2786 1714 2816 Clementis
1729 2795 1807 2826 pape
1821 2786 1927 2825 quarti
1942 2794 2026 2816 anno
2042 2786 2146 2824 primo
2161 2789 2182 2815 ¹.

1391 2953 1416 2979 1.
1433 2952 1512 2978 Dans
1534 2952 1559 2978 la
1580 2960 1675 2986 mai-ge
1696 2951 1863 2986 supet-iente
1884 2950 1922 2977 du
1943 2950 1960 2976 f.
1983 2950 2032 2977 307
2056 2957 2086 2975 νῦ
2108 2958 2158 2976 sur
2178 2950 2270 2984 lequel
2292 2949 2355 2977 finit

1354 3005 1430 3029 cette
1447 3003 1538 3036 piece,
1555 3010 1591 3027 on
1608 3002 1648 3034 lit,
1664 3001 1748 3027 ‹i’une
1764 3000 1886 3027 eci-iture
1903 3000 2096 3035 postet-tenve:
2115 3000 2234 3026 Dimissa
2246 3002 2282 3026 est
2300 3000 2356 3026 ista
