2455 3560
604 365 652 394 LE
677 365 821 394 LIBER
844 364 1075 395 CENSUUM
1099 365 1153 394 DE
1177 356 1362 394 L‘EGLISE
1385 365 1593 394 ROMAINE.
2099 366 2130 396 41

97 430 174 462 salis
190 430 322 461 ecclesie
337 440 462 461 summo
485 431 638 470 pontifici,
656 431 794 461 Karolns
811 431 870 460 Dei
888 431 989 468 gratia
1006 440 1057 460 rex

100 483 223 520 Sicilie,
238 483 371 513 ducatus
387 483 503 522 Apulie
516 487 546 513 et
560 484 757 522 principatus
771 484 888 522 Capue,
905 483 988 513 alme
1005 493 1059 513 ur-

99 537 147 567 bis
165 542 303 573 senator,
324 537 522 574 Andegavie,
542 537 709 566 Provincie
726 540 756 566 et
772 536 987 575 Forcalqnerii
1007 544 1059 565 co-

98 598 177 625 mes,
201 589 341 619 Romani
363 589 492 627 imperii
518 598 572 627 per
596 594 736 618 sanctam
760 588 936 618 Romanam
960 587 1058 618 eccle-

99 642 179 671 siam
210 641 242 671 in
271 642 386 671 Tuscia
417 642 554 671 vicarius
584 641 745 679 generalis
763 665 769 676 ‚
799 641 911 670 devota
943 640 1058 678 pedum

98 693 206 723 oscula
223 693 397 722 beatorum.
417 693 479 722 Diu
501 697 564 728 est,
584 692 834 722 clementissime
856 697 953 731 pater,
975 692 1059 730 quod

101 746 276 786 perquisivi
293 749 321 776 et
338 746 489 783 indagavi
507 745 642 775 sollicite
661 745 698 775 de
717 750 855 784 tempore
871 755 933 784 quo
950 754 1003 775 vos
1021 746 1060 775 de

99 798 321 828 ultramarinis
346 798 489 837 partibus
517 798 703 828 recedentes
727 799 786 828 iter
811 799 995 837 arriperetis
1021 799 1059 827 ad

100 856 202 890 partes
216 851 306 880 Italie
322 851 455 881 feliciter
469 851 636 885 redeundi,
654 851 824 880 certificari
838 851 1023 880 desiderans
1034 852 1059 880 si

98 904 182 943 apud
201 904 344 942 aliquam
369 904 531 933 civitatem
553 904 587 932 in
609 903 795 942 hujusmodi
816 904 918 934 reditu
938 913 1059 934 moram

98 956 240 995 aliquam
252 956 464 995 disponeretis
475 956 674 992 contrahere,
686 961 719 986 ut
731 960 817 986 tutus
825 960 921 995 atque
930 965 1060 986 securus

99 1009 270 1040 clementie
286 1013 389 1039 vestre
406 1014 474 1040 octo
499 1009 627 1040 milium
651 1009 819 1039 unciarum
842 1010 911 1039 auri
927 1018 1059 1039 censum

98 1072 244 1093 annuum
261 1063 294 1092 in
311 1071 374 1102 quo
386 1062 518 1092 ecclesie
535 1063 679 1093 Romane
696 1063 817 1092 ratione
833 1063 924 1100 regni
940 1062 1061 1101 Sycilie

101 1120 208 1145 teneor
232 1124 355 1154 possem
382 1124 455 1146 cum
480 1116 648 1146 devotione
675 1125 710 1146 ac
739 1115 919 1146 obedientia
945 1116 1061 1146 debitis

98 1168 268 1199 destinare.
292 1169 367 1198 Misi
388 1169 484 1199 etiam
503 1169 556 1198 diu
579 1173 626 1199 est
643 1169 800 1200 Jacobum
814 1169 852 1199 de
871 1169 1060 1206 Gancelino⁷

99 1221 253 1251 dilectum
280 1221 416 1252 militem
442 1221 634 1252 familiarem
660 1227 690 1252 et
714 1221 841 1252 fidelem
868 1232 995 1259 meum,
1022 1222 1061 1252 ad

101 1279 237 1305 vestram
256 1275 467 1313 presentiam,
486 1284 630 1313 expresse
646 1275 821 1313 injungens
838 1275 942 1305 eidem
961 1280 994 1305 ut
1011 1285 1062 1305 me

101 1337 196 1366 super
211 1328 377 1366 premissis
394 1337 516 1358 necnon
534 1332 564 1358 et
584 1328 611 1357 si
629 1338 682 1366 per
700 1337 787 1358 mare
803 1328 852 1358 vel
872 1337 927 1367 per
945 1333 1061 1358 terram

102 1381 214 1411 essetis
236 1381 274 1410 ad
298 1381 426 1411 easdem
452 1385 554 1419 partes
578 1381 669 1411 Italie
693 1381 825 1411 redituri
849 1390 945 1420 quam
969 1382 1062 1411 citius

101 1438 206 1473 posset
221 1434 395 1464 certificare
410 1439 546 1464 curaret.
564 1435 601 1464 Et
616 1434 689 1464 licet
703 1434 788 1464 idem
803 1435 942 1464 Jacohus
957 1435 1062 1464 consi-

99 1486 208 1517 derato
228 1491 367 1525 tempore
383 1496 445 1526 quo
461 1496 479 1517 a
496 1497 545 1517 me
562 1488 691 1517 recessit
708 1488 854 1526 potuerit,
872 1492 905 1517 ut
921 1488 1003 1518 mihi
1015 1490 1061 1518 vi·-

99 1539 206 1576 detur,
223 1548 273 1568 me
289 1548 383 1579 super
402 1539 467 1569 hiis
490 1545 610 1569 certum
636 1540 774 1575 efficere,
793 1540 936 1570 nondum
956 1545 1061 1571 tamen

102 1601 156 1631 per
175 1592 312 1622 eundem
335 1593 489 1623 Jacobum
506 1592 555 1623 vel
572 1601 627 1631 per
649 1593 790 1631 aliquem
807 1593 908 1623 alium
925 1595 1005 1623 scire
1024 1594 1061 1624 de

101 1647 265 1685 premissis
281 1646 368 1685 potui
383 1646 560 1676 veritatem.
579 1647 776 1686 Quapropter
789 1648 945 1677 sanctitati
960 1653 1061 1678 vestre

101 1698 267 1728 humiliter
289 1699 432 1737 supplico
452 1699 630 1739 q[u]atinus
646 1700 784 1737 benigne
801 1701 1016 1737 attendentes,
1034 1701 1061 1730 si

101 1751 212 1791 placet,
227 1761 329 1782 meam
343 1762 438 1791 super
450 1753 635 1791 hujusmodi
648 1755 773 1791 negotio
785 1755 964 1792 puritatem,
980 1755 1060 1784 milii

101 1804 255 1834 mandare
270 1804 451 1842 dignemini
466 1805 549 1843 apud
566 1814 662 1843 quem
680 1805 783 1836 locum
798 1806 894 1836 vultis
910 1807 993 1845 quod
1011 1817 1060 1838 vo-

100 1857 149 1886 bis
173 1866 305 1887 censum
333 1858 472 1887 eundem
498 1858 730 1895 transmittam,
755 1859 909 1889 habentes
931 1860 1060 1890 interim

99 1910 318 1947 devotionem,
343 1910 574 1948 obedientiam,
597 1920 701 1941 meam
719 1921 813 1950 super
833 1921 869 1942 eo
885 1913 969 1951 quod
985 1922 1060 1943 cen-

100 1973 172 1994 sum
188 1965 293 2003 ipsum
311 1965 345 1994 in
365 1969 481 1995 statuto
501 1965 638 1996 termino
652 1966 827 1995 secundum
847 1972 933 2004 pacta
946 1972 975 1996 et
988 1976 1062 1997 con-

100 2018 267 2047 ventiones
292 2018 376 2048 inter
400 2018 534 2048 eandem
554 2018 719 2048 ecclesiam
743 2024 773 2048 et
793 2028 843 2048 me
866 2020 973 2050 habita
998 2029 1060 2051 uon

102 2072 282 2100 transmitto
296 2071 335 2100 de
350 2075 503 2101 consueta
517 2071 712 2109 benignitate
728 2071 811 2102 sedis
824 2073 993 2111 apostolice
1009 2083 1059 2103 ex-

100 2129 258 2160 cusatam,
281 2124 445 2162 michique
466 2124 653 2163 apostolicas
672 2124 793 2154 litteras
812 2125 851 2154 ad
873 2125 1061 2164 hujusmodi

100 2177 336 2206 excusationem
352 2186 457 2206 meam
472 2178 666 2207 necessarias
683 2177 902 2215 concedentes,
920 2179 963 2208 ita
976 2179 1061 2217 quod

101 2234 227 2269 propter
243 2230 303 2260 hoe
319 2235 482 2269 pactorum
498 2235 527 2260 et
542 2232 792 2262 conventionum
814 2232 951 2269 ipsorum
973 2237 1058 2262 trau-

100 2291 228 2321 gressor
243 2291 309 2313 non
326 2287 454 2321 reputer
468 2291 503 2312 ac
518 2283 632 2313 exinde
648 2292 761 2322 penam
779 2283 918 2322 aliquam
934 2293 997 2314 nou
1013 2285 1062 2314 in-

102 2344 243 2366 curram.
263 2336 329 2373 Ego
347 2337 436 2365 enim
458 2344 592 2366 censum
615 2336 738 2374 ipsum,
763 2345 858 2375 quem
881 2337 971 2368 vobis
989 2343 1062 2368 ante

101 2389 280 2428 predictum
301 2389 475 2419 terminum
499 2390 746 2420 transmisissem
765 2390 792 2419 si
809 2395 913 2420 certus
929 2392 1061 2422 fuissem

101 2442 223 2472 deloco
241 2442 326 2481 apud
345 2451 440 2481 quem
459 2442 552 2472 illum
574 2443 748 2481 potuissem
772 2444 915 2480 misisse,
936 2445 1004 2483 J'am
1026 2445 1061 2474 iu

101 2499 186 2525 certo
207 2494 275 2525 loco
299 2495 359 2524 feci
384 2495 518 2533 deponi,
542 2495 630 2525 vobis
653 2496 742 2534 juxta
764 2499 866 2526 vestre
890 2497 1063 2527 voluntatis

101 2547 339 2586 beneplacitum
371 2556 443 2577 cum
470 2547 579 2577 filialis
606 2548 782 2578 devotionis
811 2550 1062 2588 promptitudine

100 2600 246 2631 celeriter
265 2600 558 2629 transmittendum.

142 2653 261 2683 Datum
273 2652 418 2691 Neapoli,
431 2662 516 2683 anno
532 2653 667 2683 Domini
680 2653 852 2684 millesimo
863 2654 1061 2692 CCLXXV0,

100 2706 154 2736 die
169 2707 234 2736 XII
254 2706 354 2745 junii,
373 2707 420 2736 III
436 2707 626 2742 indictione,
643 2708 732 2746 regni
749 2708 813 2738 mei
826 2716 911 2738 anno
924 2708 1058 2739 decimo.

549 2806 565 2815 n«

554 2816 576 2834 A.

142 2897 179 2927 In
197 2897 327 2927 nomine
344 2901 351 2917 ¹
370 2897 518 2935 Domini,
537 2906 643 2928 amen.
669 2899 765 2928 Anno
781 2899 941 2929 dominice
956 2899 1059 2929 incar-

98 3031 123 3056 1.
141 3030 172 3057 19
188 3030 292 3056 sevrier
310 3029 384 3056 1278.
410 3045 442 3049 —
464 3030 648 3057 procui-atton
666 3032 776 3058 donnec
795 3040 843 3066 par
860 3040 895 3058 uu
914 3032 1062 3058 scriniaire

203 3091 288 3118 Lmen
306 3091 448 3119 Cansuun.
471 3106 504 3111 —
523 3092 560 3119 II.

1181 431 1320 460 nationis
1340 430 1645 466 M0CC0Lxxvi110,
1661 440 1746 461 anno
1760 432 1862 470 primo
1875 432 1996 462 domini
2011 433 2135 463 Nicolai

1182 492 1259 521 pape
1270 483 1329 517 III,
1343 483 1518 512 indictione
1531 484 1584 519 Vl,
1599 493 1706 513 mense
1717 484 1936 514 februariodie
1947 485 2087 521 XVIIII,
2102 486 2134 515 in

1183 536 1346 574 presencia
1366 535 1427 564 mei
1447 536 1541 565 Blasii
1561 537 1674 565 notarii
1694 541 1722 565 et
1741 538 1866 566 testium
1884 538 2135 577 subscriptorum

1182 588 1220 617 ad
1252 588 1310 618 hoc
1334 588 1510 626 specialiter
1537 594 1717 618 vocatorum
1745 595 1775 618 et
1801 594 1997 627 rogatorum,
2026 591 2136 620 Petrus

1181 640 1342 670 Johannis
1361 641 1475 678 Napoli
1496 642 1683 670 scriniarius
1702 647 1731 671 et
1748 642 1842 679 judex
1860 643 2058 677 ordinarius,
2078 643 2136 673 liac

1182 694 1234 723 die
1251 694 1402 732 presenti,
1422 704 1476 723 sna
1496 695 1575 723 bona
1591 694 1760 729 voluntate,
1779 697 1853 733 qnia
1872 696 2080 734 personaliter
2097 697 2135 726 ad

1183 746 1383 784 infrascripta
1402 747 1576 775 exercenda
1599 748 1745 776 accedere
1765 757 1829 777 non
1852 753 1964 786 potest,
1980 749 2067 785 fecit,
2088 758 2136 780 co-

1183 799 1287 828 stituit
1304 804 1333 828 et
1350 799 1510 828 ordinavit
1529 799 1672 835 Egidinin
1692 800 1775 829 Petri
1794 801 1984 830 Itomanucii
2004 802 2135 831 scrinia-

1182 852 1267 881 rium
1285 862 1376 881 sunm
1396 861 1504 881 verum
1523 857 1552 881 ot
1568 851 1746 889 legitimum
1761 858 1992 891 procuratorem
2009 859 2037 883 et
2051 860 2132 884 acto-

1183 915 1249 934 rem
1267 914 1301 934 ac
1319 905 1471 934 nuncium
1490 905 1670 943 specialem.
1688 906 1726 934 ad
1747 907 1963 944 recipiendum
1984 907 2022 936 de
2037 908 2136 946 gratia

1183 963 1213 988 et
1235 966 1322 987 mera
1344 957 1532 987 liberalitate
1552 958 1743 987 sanctissimi
1762 960 1857 997 patris
1873 959 1996 988 domiui
2013 959 2136 990 Nicolai

1185 1019 1261 1049 pape
1290 1011 1373 1039 tertii
1396 1009 1445 1039 vel
1470 1011 1538 1049 ejus
1564 1011 1737 1040 camerario
1760 1020 1815 1040 seu
1845 1021 2049 1051 quocumque
2074 1013 2137 1043 alio

1184 1063 1285 1101 ipsius
1309 1063 1432 1093 domini
1460 1071 1537 1101 pape
1563 1064 1693 1092 nomine
1722 1063 1874 1102 quicquid
1900 1066 2016 1102 prelato
2047 1066 2138 1096 Petro

1184 1116 1320 1152 dederit,
1345 1115 1511 1146 donaverit
1535 1125 1588 1145 seu
1611 1116 1680 1144 dari
1704 1116 1751 1145 vel
1774 1117 1883 1146 donari
1899 1118 2041 1155 jusserit,
2064 1128 2137 1148 nec—

1186 1179 1249 1200 non
1269 1169 1307 1199 ad
1326 1169 1563 1208 protestandum
1582 1173 1611 1198 et
1632 1170 1922 1206 recognoscendum
1938 1171 2021 1209 quod
2043 1180 2138 1201 omne

1184 1221 1265 1251 iliud
1294 1221 1377 1260 quod
1408 1221 1467 1259 ipsi
1494 1221 1586 1250 eeu-0
1611 1221 1763 1258 dabimus
1793 1222 1841 1250 vei
1858 1211 1939 1252 'dart
1970 1224 2138 1253 mandabi-

1187 1280 1236 1305 tur
1257 1284 1311 1313 per
1334 1275 1452 1303 dictum
1479 1274 1644 1303 dominnm
1672 1283 1835 1303 summum
1865 1276 2063 1313 pontificem,
2089 1286 2139 1306 re-

1185 1328 1281 1367 cipiet
1299 1336 1354 1366 pro
1371 1336 1507 1357 munere
1523 1327 1653 1365 speciali
1672 1333 1701 1356 et
1718 1328 1756 1356 de
1772 1328 1874 1365 gratia
1890 1327 2014 1358 liberali
2031 1334 2061 1358 et
2077 1338 2139 1359 non

1185 1391 1220 1411 ex
1244 1381 1354 1419 aIIquo
1377 1382 1449 1419 jure
1476 1385 1505 1409 et
1527 1382 1760 1410 consuetudine
1784 1381 1832 1410 vel
1859 1381 2052 1419 obligatione
2080 1383 2139 1420 ipsi

1185 1435 1279 1464 Petro
1295 1433 1487 1472 competenti
1504 1433 1570 1463 sive
1586 1442 1642 1471 pro
1660 1433 1716 1472 [eo]
1737 1443 1773 1463 ex
1794 1442 1889 1463 causa
1909 1434 2015 1473 aliqua
2032 1436 2139 1474 acqui-

1185 1488 1258 1523 sita,
1285 1491 1314 1516 et
1339 1488 1479 1516 maxime
1501 1486 1585 1525 quod
1611 1495 1667 1525 per
1692 1488 1795 1525 ipsum
1823 1488 1953 1517 Petrum
1979 1487 2142 1517 dicebatur

1184 1541 1247 1578 aliq
1255 1540 1358 1569 nando
1370 1539 1494 1578 aliquas
1506 1539 1639 1577 pecunie
1652 1540 1845 1577 quantitates
1859 1549 1912 1578 per
1922 1540 2045 1578 aliquos
2057 1550 2139 1570 sum-

1184 1599 1251 1624 mos
1283 1593 1446 1632 pontifices
1469 1592 1703 1631 predecessores
1727 1593 1837 1631 prefati
1868 1593 1991 1623 domini
2017 1593 2140 1623 Nicolai

1191 1656 1268 1686 pape
1285 1656 1338 1676 seu
1356 1647 1496 1684 ipsorum
1515 1645 1645 1675 nomine
1665 1645 1713 1674 vel
1730 1654 1784 1684 pro
1800 1646 1878 1684 ipsis
1895 1646 1979 1675 dicto
1997 1647 2087 1676 Petro
2103 1647 2140 1676 de

1183 1700 1293 1730 eodem
1308 1699 1396 1728 datas
1411 1698 1509 1727 [uisse
1522 1698 1734 1736 quorumdam
1747 1698 1954 1728 serviciorum
1972 1704 2002 1728 et
2017 1699 2140 1737 presbi-

1184 1754 1254 1783 terii
1275 1753 1411 1782 racione.
1434 1752 1468 1780 Et
1485 1751 1569 1790 quod
1586 1752 1666 1789 [per]
1684 1751 1788 1789 ipsum
1808 1751 1936 1781 Petrum
1956 1751 2139 1788 hujusmodi

1183 1806 1265 1836 dona
1286 1805 1335 1834 vel
1358 1813 1493 1834 munera
1513 1804 1551 1833 ad
1571 1804 1802 1842 consequent-ia
1821 1813 1883 1833 non
1902 1805 2140 1840 contrahentur,

1184 1868 1241 1888 nec
1257 1858 1341 1888 dicet
1358 1866 1412 1887 seu
1431 1857 1598 1887 contendet
1614 1857 1647 1886 iu
1665 1860 1823 1895 posterum
1840 1862 1950 1886 contra
1966 1857 2141 1895 predictum

1183 1911 1425 1942 sanctissimum
1439 1915 1559 1948 patrem
1571 1918 1733 1939 summum
1748 1909 1929 1947 pontificem
1943 1910 2010 1939 sive
2021 1919 2142 1940 succes-

1183 1974 1268 1995 sores
1280 1964 1381 2003 ipsius
1393 1969 1446 1993 aut
1459 1964 1638 1993 Romanam
1650 1962 1815 1992 ecclesiam
1828 1967 2070 1997 sacrosanctam,
2086 1972 2140 2001 per

1183 2017 1370 2056 hujiismodi
1388 2017 1470 2046 dona
1487 2025 1540 2045 seu
1559 2025 1693 2045 munera
1709 2025 1771 2053 que
1786 2016 1832 2045 sic
1847 2015 1885 2045 de
1903 2015 2005 2054 ipsius
2023 2016 2142 2045 summi

1183 2070 1343 2110 pontificis
1362 2069 1550 2098 liberalitate
1569 2068 1745 2107 procedunt
1757 2069 1810 2107 jus
1828 2068 1956 2106 aliquod
1973 2069 2033 2106 ipsi
2050 2069 2142 2098 Petro

1183 2123 1375 2162 acquisitum
1386 2131 1453 2151 esse
1461 2126 1579 2160 autpro
1591 2129 1625 2151 eo
1639 2121 1676 2150 de
1688 2129 1768 2150 novo
1778 2126 1930 2150 creatum.
1945 2121 2142 2150 Deditetiam

1183 2176 1303 2215 prefato
1320 2174 1515 2214 procuratori
1534 2173 1667 2203 liberam
1686 2178 1869 2212 potestatem
1886 2173 2024 2203 faciendi
2044 2174 2143 2203 finem

1184 2235 1214 2260 et
1235 2228 1460 2259 refutationem
1481 2231 1510 2257 et
1528 2232 1651 2265 pactum
1675 2227 1712 2256 de
1734 2236 1796 2257 non
1823 2227 1957 2265 petendo
1979 2236 1997 2256 a
2018 2236 2143 2257 summo

1184 2282 1333 2322 pontifice
1349 2280 1398 2310 vel
1417 2282 1484 2318 ejiis
1506 2279 1741 2309 successoribus
1764 2278 1885 2317 aliquid
1910 2279 2033 2308 ratione
2054 2288 2143 2317 pres-

1183 2335 1290 2365 biterii
1311 2333 1360 2363 vel
1381 2333 1587 2363 sei-viciorum
1608 2331 1790 2370 aliquorum
1809 2331 1960 2369 temporis
1978 2332 2141 2367 retroacti,

1183 2386 1332 2417 nullum¹
1353 2390 1459 2415 tenere
1481 2384 1582 2414 voluit
1600 2384 1659 2423 ipsi
1677 2385 1769 2414 Petro
1790 2392 1884 2422 super
1899 2382 2060 2422 aliquibus
2081 2392 2143 2422 que

1183 2441 1245 2471 sibi
1262 2450 1279 2470 a
1297 2448 1423 2470 summo
1439 2438 1585 2477 pontifice
1602 2437 1651 2467 vel
1668 2437 1798 2467 ecclesia
1816 2437 1961 2467 Romana
1976 2436 2143 2467 deberetur

1183 2494 1221 2523 de
1233 2495 1306 2532 jure
1320 2493 1354 2522 in
1367 2497 1526 2530 posterum
1542 2490 1756 2529 prejudicium
1770 2490 1929 2528 generari.
1949 2489 2143 2519 Promittens

1183 2547 1269 2576 idem
1286 2547 1398 2575 Petrus
1417 2554 1448 2574 se
1466 2549 1570 2574 ratum
1588 2543 1773 2573 habiturum
1790 2547 1820 2572 et
1840 2542 1970 2571 firmum
1987 2542 2142 2581 quicquid

1183 2608 1237 2638 per
1252 2598 1372 2628 dictum
1388 2602 1622 2636 procuratorem
1638 2596 1670 2624 iu
1691 2595 1836 2633 predictis
1853 2600 1881 2624 et
1897 2595 1982 2624 circa
2004 2594 2143 2632 predicta

1182 2660 1239 2691 pro
1251 2660 1287 2681 eo
1301 2656 1330 2681 et
1346 2651 1415 2689 ejus
1429 2651 1558 2680 nomine
1573 2654 1679 2678 actum
1695 2649 1792 2677 suerit
1804 2653 1897 2686 atque
1914 2651 2051 2685 gestum,
2065 2656 2100 2677 ae
2117 2647 2143 2676 si

1182 2706 1249 2744 ipse
1268 2704 1477 2743 personaliter
1499 2703 1680 2737 interesset,
1699 2702 1757 2731 sub
1774 2701 1968 2739 obligatione
1983 2701 2142 2731 bonorum

1145 2884 1243 2919 appele
1262 2883 1356 2909 Pici-re
1372 2884 1386 2907 a
1404 2891 1439 2908 un
1456 2881 1490 2907 de
1514 2889 1561 2907 ses
1581 2881 1726 2914 conegues
1743 2880 1842 2914 appele¹¹
1859 2880 1959 2912 Gilles,
1977 2887 2048 2914 pour
2064 2887 2145 2905 rece-

1145 2933 1206 2958 voir
1221 2932 1259 2957 du
1276 2940 1347 2966 pape
1363 2930 1478 2956 Nicolas
1494 2929 1535 2955 ΙΙΙ
1552 2930 1694 2955 cert-aines
1711 2937 1837 2954 somnies
1853 2933 1881 2954 et
1903 2928 1969 2953 faire
1993 2936 2026 2953 en
2052 2928 2143 2953 menie

1145 2985 1239 3014 temps
1254 2980 1395 3005 certaincs
1414 2979 1613 3004 declat-anons.

1182 3030 1207 3055 1.
1224 3028 1247 3054 Il
1264 3029 1322 3054 doit
1339 3035 1476 3061 nianquer
1492 3027 1526 3052 ici
1543 3027 1666 3060 quelque
1681 3026 1779 3052 chose.
