2455 3560
623 368 672 398 LE
696 367 840 396 LIBER
863 365 1095 396 CENSUUM
1119 365 1173 394 DE
1198 359 1381 393 IIEGLISE
1407 363 1612 392 ROMAINE.
2120 359 2157 388 25

116 439 148 466 et
177 436 249 466 fidei
278 440 307 465 et
336 435 509 473 majestatis
536 434 664 470 oblitus,
692 434 875 463 Messanum
906 440 1077 471 properans

117 489 208 520 nullo
238 492 448 528 persequente
479 487 638 523 discessit,
671 486 814 516 hostibus
847 485 932 515 taciti
959 484 1076 514 favoris

116 542 275 572 auxilium
289 542 471 571 excessione
487 540 631 570 daturus.
650 539 795 568 Fratrum
813 538 851 567 ad
869 538 927 567 hoc
942 537 1077 567 consilia

118 594 324 631 dividuntur,
347 595 424 623 dum
452 593 542 632 pauci
569 593 665 623 Urbis
691 592 872 629 ingressum
897 591 1001 629 plures
1027 599 1078 620 ac—

119 656 244 678 cessum
273 647 305 676 in
334 647 483 677 Tusciam
510 654 635 675 summo
658 645 798 684 pontifici
826 644 1006 673 suaderent.
1025 643 1079 673 Set

119 700 242 731 Christi
268 701 415 735 vicarius,
441 699 491 729 cui
517 700 653 728 brevitas
678 699 826 737 temporis
852 697 889 726 ad
915 696 1078 726 elidendos

120 754 341 784 Romanorum
369 753 510 791 impetus
535 751 715 780 facultatem
742 750 860 779 virium
887 749 1077 786 denegabat,

120 811 150 837 et
166 807 304 836 existens
322 805 470 842 Anagnie
492 814 564 834 cnm
587 804 758 842 apostolice
777 804 860 833 sedis
877 803 996 833 bonore
1014 803 1079 832 exi-

119 859 201 890 lium
229 859 325 898 patrie
350 859 508 888 sustinere
535 867 598 887 uon
629 863 749 895 poterat
774 857 994 893 indefensum,
1023 866 1080 886 nec

118 913 239 951 absque
263 912 429 951 presidalis
452 911 649 941 auctoritatis
673 911 790 948 injuria
812 910 1008 948 provinciam
1026 910 1081 940 de-

120 973 225 994 serere
248 969 367 1003 poterat
394 964 564 1001 fugitivus,
599 963 742 1001 Magistri
769 972 875 992 vocem
905 967 1031 992 secutus
1053 967 1082 992 et

120 1023 225 1053 actus,
252 1017 479 1055 trepidantium
505 1018 638 1046 fratrum
662 1017 785 1046 animos
809 1016 925 1045 humili
952 1026 1081 1054 respon-

121 1071 214 1101 sione
241 1070 399 1100 collidens
429 1081 435 1099 ι
471 1071 521 1099 Vos
549 1073 654 1107 fugam
682 1071 816 1106 capietis,
843 1074 868 1098 ce
898 1078 947 1106 eqo
973 1070 1082 1098 vadam

121 1125 273 1154 inmolari
302 1133 356 1161 pro
388 1125 489 1159 vobls;
521 1127 550 1152 et
585 1123 837 1160 persecutorilms
867 1122 1083 1151 similitudine

123 1177 302 1215 questionis
320 1185 489 1206 occurrens
513 1189 518 1205 :
543 1177 575 1206 8ιῖ
602 1185 645 1204 me
666 1177 794 1213 queritis
810 1178 903 1204 sinite
918 1177 970 1204 hos
988 1176 1081 1211 ubire,

124 1229 191 1259 zelo
213 1230 336 1267 justitie
361 1239 396 1258 ac
413 1229 488 1259 fidei
506 1230 650 1258 servore¹
667 1238 838 1259 succensus
859 1229 946 1258 {ortis
967 1229 1082 1266 adleta,

123 1283 314 1321 sanguinem
343 1291 458 1321 ponere
476 1291 530 1320 pro
546 1282 716 1311 commisse
739 1291 853 1320 sponse
870 1282 1012 1312 libertate
1031 1292 1083 1321 pa-

124 1340 222 1372 ratus,
256 1335 375 1365 Urbem
408 1335 614 1364 frementium
647 1335 821 1364 bestiarum
851 1335 1031 1374 intrepidus
1055 1340 1085 1365 et

122 1393 307 1418 constanter
326 1388 538 1425 ingreditur-2,
558 1397 575 1417 a
599 1388 744 1418 Romano
768 1388 882 1427 populo
900 1389 1083 1418 catervatim

123 1441 249 1472 obviam
267 1447 477 1471 concurrente
494 1441 675 1471 incredibili
691 1442 895 1471 veneratione
909 1446 1083 1480 susceptus.

124 1495 190 1526 Bes
207 1496 287 1524 mira
304 1500 333 1525 et
349 1496 387 1524 ab
405 1495 546 1524 humana
564 1495 771 1534 possibilitate
785 1500 916 1532 remota,
932 1499 965 1524 ut
981 1495 1086 1525 hostes

125 1548 287 1588 proposito
303 1548 501 1577 crudelitatis
518 1549 643 1584 armati,
661 1548 770 1577 audito
792 1549 924 1587 pastoris
944 1558 1084 1585 accessu,

125 1601 275 1640 protinus
291 1601 465 1631 ferocitatis
481 1602 626 1630 animum
642 1606 847 1630 mutaverunt
860 1602 891 1630 in
909 1602 1087 1631 devotionis

125 1654 292 1688 affectum,
316 1659 346 1683 et
368 1663 422 1683 ora
445 1654 638 1683 contumelio
654 1654 845 1683 scurrilitate
862 1654 964 1684 laxata
984 1655 1018 1683 in
1035 1663 1087 1684 01·-

125 1715 210 1744 gana
230 1707 342 1735 divine
366 1707 471 1736 laudis
495 1707 668 1745 composita
690 1712 813 1745 patrum
840 1708 919 1745 patri
942 1708 1090 1746 preconia

126 1760 352 1798 personabant.
383 1761 448 1790 Nec
477 1760 541 1789 hiis
572 1764 658 1798 pater
686 1764 884 1799 contemptus
909 1761 1090 1791 devotionis

126 1813 260 1842 indiciis
285 1823 347 1851 qne
372 1813 476 1843 solent
505 1814 588 1851 apud
615 1822 667 1843 eos
698 1814 878 1843 venalitatis
901 1819 1091 1852 argumenta

126 1871 321 1900 monstrare,
339 1866 479 1904 ipsorum
498 1867 639 1896 esuriem
662 1875 724 1896 uon
750 1867 874 1896 modice
890 1868 1024 1906 pecunie
1041 1877 1090 1897 re-

124 1918 261 1948 iectione
277 1925 410 1957 pacavit.

170 1971 216 2001 19.
245 1988 283 1993 -
308 1971 368 2001 Sed
397 1971 528 2002 illorum
554 1981 646 2002 mens
675 1973 805 2002 vulnere
830 1973 940 2003 livoris
965 1974 1089 2010 effossa⁷

125 2024 251 2055 nullius
280 2025 505 2055 medicaminis
528 2026 684 2064 suffragio
708 2026 859 2062 valitura,
885 2036 939 2065 pro
961 2027 1092 2066 depulso

126 2076 264 2107 demone
282 2082 403 2116 septem
420 2078 551 2116 spiritus
568 2079 738 2117 nequiores
757 2088 940 2116 assumens,
958 2081 1092 2118 septimo

128 2129 273 2168 ejusdem
301 2130 457 2168 pontificis
480 2140 565 2161 anno
588 2132 622 2160 in
647 2132 752 2170 pejora
768 2133 930 2170 prioribus
947 2138 1093 2163 comenta

127 2183 318 2213 vessationis
328 2184 442 2221 erupit.
454 2184 524 2219 Quo
538 2188 678 2223 tempore
691 2185 789 2214 Urbis
802 2186 1022 2215 senatoriuter
1033 2190 1091 2216 sta-

131 2239 198 2265 tuta
209 2245 270 2274 que
284 2237 316 2265 iu
330 2236 542 2266 ecclesiastice
554 2236 711 2266 libertatis
723 2237 876 2267 exitiu1n³
888 2242 918 2268 et
928 2247 1093 2268 enormem

130 2288 216 2318 sedis
232 2289 404 2327 apostolice
420 2289 577 2319 lesionem
596 2290 783 2320 temerarius
799 2290 907 2328 edidit,
928 2291 986 2321 hoc
998 2300 1093 2329 grave

131 2341 349 2380 promulgavit
361 2342 512 2378 edictum,
527 2346 562 2371 ut
577 2342 689 2380 Roma,
702 2352 763 2381 que
776 2343 893 2373 Christi
905 2345 1023 2374 vicario
1033 2344 1093 2374 lar-

129 2394 254 2433 gitione
268 2395 530 2424 christianissimi
543 2395 696 2434 principis
705 2395 908 2426 Constantini
918 2402 948 2426 et
960 2406 1093 2436 sequen-

130 2447 212 2478 tium
238 2447 420 2486 principum
448 2448 660 2478 munimentis
685 2458 785 2488 usque
807 2450 847 2479 ad
872 2450 964 2480 etatis
986 2456 1094 2481 nostre

130 2505 274 2540 tempora
294 2501 349 2530 illa
371 2502 474 2531 suerat
495 2503 647 2532 servitute
668 2503 820 2539 obnoxia,
840 2504 922 2542 quod
939 2505 1094 2534 senatoris

130 2555 257 2590 electio,
275 2565 463 2594 percussura
479 2560 622 2593 monete,
639 2557 794 2595 coquendi
810 2557 900 2595 panis
918 2558 1026 2587 fornax
1042 2567 1093 2587 ac-

131 2617 246 2645 censa,
265 2609 333 2648 ipsa
351 2610 446 2639 etiam
465 2610 631 2640 brutarum
646 2619 762 2649 pascua
778 2611 836 2640 sub
857 2611 973 2641 tributo
993 2612 1094 2642 servi-

131 2665 215 2699 rent,
235 2663 269 2691 in
287 2662 497 2692 hereditatem
514 2672 569 2693 sne
582 2663 712 2693 domine
728 2664 902 2702 suspiraret
919 2665 1049 2703 ancilla,
1066 2669 1096 2695 et

131 2723 196 2754 que
209 2715 260 2745 sui
278 2715 424 2745 libertate
442 2716 578 2752 carebat,
595 2717 628 2746 in
648 2717 733 2746 Petri
747 2717 937 2755 patrimonio
950 2723 1098 2756 quereret.

130 2769 206 2799 novi
222 2770 390 2799 comitatus
407 2770 555 2800 abusum.
577 2770 638 2801 Pro
653 2771 770 2809 quibus
785 2771 980 2801 deducendis
995 2772 1028 2801 in
1044 2780 1095 2802 ac-

129 2941 155 2968 ¹.
171 2941 234 2968 cod.
252 2941 359 2969 favore.

126 2989 155 3017 2.
171 2988 247 3016 Vei-s
264 2990 287 3016 le
302 2989 336 3017 ‘20
353 2999 429 3017 mars
446 2991 523 3018 1233.

125 3037 156 3066 3.
172 3039 233 3066 Cod.
252 3039 380 3065 exilium.

233 3099 320 3127 Lmen
338 3099 480 3128 Ceus-uun.
503 3115 536 3121 -
555 3101 593 3128 lt.

1201 434 1266 460 tum
1287 430 1404 466 legatos
1424 430 1453 457 in
1474 430 1620 458 Tusciam
1643 433 1672 458 et
1691 428 1853 458 Sabiniani
1870 427 2056 461 destinavit,
2075 426 2158 454 viros

1199 482 1287 512 omni
1305 482 1475 519 cupiditate
1494 481 1647 511 notabiles
1665 485 1695 510 et
1708 480 2040 509 immanissimorum¹
2060 479 2159 508 scele-

1199 546 1270 565 rum
1295 539 1482 573 patratores,
1506 544 1641 572 quorum
1667 534 1795 563 vesania
1820 542 1882 563 non
1908 533 2014 561 minus
2040 533 2158 570 impetu

1200 588 1324 616 mnnita
1340 597 1435 625 quum
1452 588 1556 623 gladio
1572 597 1588 615 a
1604 587 1748 615 vassallis
1764 586 1900 615 Ecclesie
1915 585 2076 615 fidelitatis
2093 594 2159 622 per-

1196 641 1283 679 juria
1309 647 1337 670 et
1361 641 1566 678 pecuniarum
1592 640 1710 669 loculos
1738 645 1980 677 extorquentes,
2004 639 2036 667 in
2060 641 2160 668 castro

1202 694 1319 724 Montis
1336 693 1399 722 Alti
1416 693 1495 721 ultra
1512 693 1627 721 virium
1645 692 1979 730 potentiam‹*,=.':1ltati²
1997 692 2108 720 turrim
2126 691 2159 719 in

1200 747 1327 784 signum
1345 746 1478 775 dominii
1495 752 1524 774 et
1538 745 1737 774 del'endende
1753 744 1967 782 occupationis
1985 743 2160 781 presidium

1200 802 1455 829 construxerunt.
1482 799 1545 827 Hec
1567 802 1611 827 est
1627 798 1750 827 devotio
1772 798 1926 831 tiliorum,
1952 797 2001 826 hic
2020 801 2161 825 materne

1200 851 1427 881 sollicitudinis
1445 851 1575 885 fructus,
1592 854 1624 879 ut
1642 851 1735 879 ubere
1751 852 1811 887 jam
1827 850 1865 878 ad
1881 849 2048 885 sanguinis
2064 848 2158 877 educ-

1203 905 1319 934 tionem
1343 908 1509 938 emnncto,
1533 903 1643 931 matris
1672 902 1901 941 procurarc[n]t
1926 902 2083 931 excidium
2104 902 2161 930 tilii

1203 958 1380 987 matricida.
1399 958 1527 985 Invenit
1546 957 1581 985 ad
1599 956 1655 985 lius:
1672 956 1854 990 consilinm,
1875 956 2049 993 procuravit
2065 964 2163 983 reme-

1203 1011 1291 1040 dium
1312 1010 1461 1049 providns
1480 1009 1617 1039 Ecclesie
1633 1009 1841 1045 gubernat0r3
1860 1013 1890 1037 et
1908 1017 2037 1037 excusso
2055 1008 2092 1036 d.»
2111 1017 2163 1045 pe-

1203 1065 1297 1094 dibus
1321 1064 1466 1102 pulvere,
1490 1064 1680 1092 Damascum
1699 1062 1765 1090 suis
1786 1061 1973 1099 relinquens
1989 1061 2162 1094 erroribus,

1205 1119 1302 1148 Reate
1321 1122 1442 1147 reatum
1459 1116 1718 1154 delinquentium
1736 1116 1907 1153 puniturus
1923 1115 2083 1143 accessu&

1245 1172 1294 1199 20.
1327 1187 1363 1191 —
1394 1170 1492 1205 Cujus
1522 1168 1678 1197 discordie
1705 1177 1831 1196 causam
1864 1167 1967 1196 dictus
1996 1168 2165 1204 imperator

1205 1233 1393 1262 agnoscens,
1411 1232 1481 1253 cum
1499 1222 1689 1251 decrevisset
1705 1230 1760 1259 pro
1776 1221 1965 1249 imminente
1982 1221 2040 1249 sibi
2059 1230 2167 1250 neccs-

1207 1278 1296 1307 sitate
1320 1282 1434 1306 eventu
1458 1281 1567 1305 contra
1594 1275 1769 1304 ileum-um
1797 1274 1865 1310 ejus
1886 1273 1986 1301 tilium
2008 1274 2038 1301 in
2066 1273 2167 1310 ipsius

1204 1331 1286 1370 juris
1313 1330 1467 1367 injuriam
1491 1329 1550 1357 sibi
1567 1329 1640 1366 jura
1663 1327 1789 1365 imperii
1816 1326 2031 1355 vinntliea11u=111
2063 1326 2168 1355 Eccle-

1207 1384 1251 1414 sie
1281 1383 1488 1422 patrocinium
1520 1381 1755 1419 implorandum
1769 1403 1775 1414 ,
1809 1379 1904 1407 lteate
1939 1379 2080 1407 concitus
2112 1388 2167 1407 nec

1206 1438 1358 1467 invitatus
1374 1436 1512 1470 advenit,
1528 1434 1665 1463 Erclesie
1682 1442 1820 1466 cansam,
1838 1442 1932 1471 qnam
1952 1437 1983 1460 ut
1999 1432 2168 1461 advocatus

1208 1500 1244 1520 ex
1261 1489 1388 1528 imperii
1405 1488 1510 1517 debito
1524 1491 1553 1516 et
1570 1486 1723 1515 vassallus
1739 1495 1774 1514 ex
1793 1484 1941 1522 homagio
1956 1484 2044 1521 regni
2061 1484 2170 1513 Sicilie

1208 1544 1338 1582 gemino
1363 1541 1527 1570 tenebatur
1547 1539 1716 1568 defendere
1732 1538 1933 1576 juramento,
1953 1546 2025 1565 cnm
2050 1536 2170 1574 suppli-

1209 1597 1333 1626 ca'tione
1349 1594 1544 1631 suscipiens,
1562 1593 1693 1622 domino
1710 1601 1788 1629 papa
1806 1594 1835 1619 et
1852 1590 2001 1618 fratribus
2018 1590 2055 1618 de
2073 1590 2171 1627 ipsius

1210 1650 1271 1679 fide
1285 1647 1515 1682 dubitantibus,
1534 1644 1798 1684 prosequendam.
1815 1644 1942 1672 Fecerat
1959 1642 2046 1672 enim
2061 1651 2171 1672 eorum

1208 1703 1328 1741 judicia
1348 1701 1445 1730 futuri
1466 1699 1621 1737 profectus
1642 1697 1806 1727 incredula
1823 1696 1956 1725 mentite
1972 1696 2078 1734 sepius
2094 1696 2171 1725 otl‘e-

1211 1757 1312 1785 renus
1328 1755 1399 1783 ndei
1417 1754 1608 1790 conjectura.
1622 1751 1712 1786 Quod
1728 1750 1898 1788 prudenter
1913 1748 2038 1778 tandem
2052 1749 2170 1777 summi

1212 1807 1350 1847 presulis
1366 1805 1487 1836 cautela
1505 1804 1660 1842 permisit,
1677 1803 1799 1839 eligens
1817 1803 1916 1839 po'ius
1934 1801 2058 1830 felicem
2078 1809 2174 1838 nego-

1216 1862 1258 1891 tio
1281 1862 1390 1890 deesse
1417 1867 1596 1888 successum
1623 1865 1719 1895 quam
1746 1864 1892 1884 recusare
1914 1855 2055 1883 debitum
2074 1854 2174 1892 ipsius

1213 1913 1414 1953 imperatoris
1436 1911 1643 1949 obsequium3
1663 1919 1715 1947 per
1731 1908 1813 1947 quod
1835 1917 1905 1936 cum
1931 1917 1964 1936 ex
1988 1907 2172 1936 conditione

1212 1969 1306 2006 regni
1323 1971 1352 1996 et
1373 1965 1500 2004 imperii
1517 1968 1688 1997 teneretur,
1705 1971 1800 2000 grave
1814 1966 1932 2000 poterat
1948 1960 2086 1989 Ecclesie
2105 1969 2173 1998 pre-

1210 2021 1370 2061 judicium
1393 2017 1554 2056 generari.
1582 2016 1642 2052 Qui
1672 2020 1738 2053 post
1766 2019 1914 2043 tractatus
1937 2019 1967 2042 et
1991 2013 2175 2042 collationes

1215 2073 1422 2111 multiplices,
1449 2075 1516 2109 post
1543 2069 1700 2099 familiare
1726 2067 1927 2102 convivium,
1955 2066 2037 2104 quod
2065 2066 2175 2094 eadem

1213 2136 1326 2157 mensa
1348 2130 1377 2155 et
1400 2123 1532 2153 scutella
1553 2122 1735 2152 communis
1762 2119 1859 2149 simul
1888 2120 2013 2158 utrique
2039 2118 2176 2157 principi

1215 2180 1423 2212 ministrarat,
1443 2182 1476 2206 ut
1489 2175 1614 2205 cautius
1628 2174 1751 2203 falleret
1766 2173 1948 2202 cautionem
1965 2171 2087 2209 adjecit.
2103 2170 2178 2201 Cor-

1214 2233 1328 2263 radum
1346 2236 1455 2260 uatum
1477 2229 1640 2268 proprium
1660 2227 1803 2257 obsidem
1820 2226 1859 2255 ad
1879 2225 1998 2254 summi
2019 2223 2178 2262 pontificis

1214 2285 1309 2325 pedes
1336 2291 1513 2322 exponens,
1545 2281 1635 2318 regni
1665 2283 1694 2310 et
1726 2278 1856 2317 imperii
1885 2278 2008 2307 viribus
2035 2285 2090 2316 pro
2117 2276 2179 2306 fide

1216 2338 1373 2370 servanda
1393 2335 1614 2366 fraudulenter
1639 2333 1770 2369 oblatis,
1796 2332 1880 2362 sicut
1900 2331 1981 2361 racia
2011 2330 2178 2369 sequentia

1216 2392 1454 2422 manifestaiw.
1473 2389 1560 2418 Licet
1573 2393 1681 2417 autem
1698 2386 1864 2423 negotium
1880 2385 1985 2423 ipsum
2000 2383 2179 2421 sumptibus

1215 2444 1352 2485 propriis
1376 2443 1434 2472 snb
1464 2441 1628 2480 premissis
1655 2438 1857 2469 cautionibus
1891 2436 2073 2475 promiserit
2106 2445 2179 2465 exe-

1215 2498 1396 2538 quendum.
1421 2495 1499 2534 quia
1521 2498 1626 2523 tamen
1650 2493 1734 2522 inter
1759 2493 1825 2530 ipsa
1848 2490 2022 2529 primordia
2048 2489 2180 2518 mentita

1215 2551 1341 2582 devotio
1367 2547 1555 2587 decipientis
1582 2545 1779 2586 propositum
1804 2544 1898 2573 certis
1919 2542 2048 2572 indiciis
2071 2547 2180 2571 osten-

1215 2605 1324 2641 debat,
1342 2612 1397 2642 per
1413 2602 1497 2641 quod
1513 2600 1609 2629 dubie
1624 2599 1699 2628 fidei
1714 2598 1830 2628 dubius
1848 2596 2020 2626 timebatur
2034 2599 2178 2630 eventus,

1217 2656 1433 2688 venerabilem
1463 2658 1583 2693 patrem
1614 2652 1653 2682 R.
1683 2651 1797 2681 Sancte
1822 2649 1923 2678 Mai-ie
1946 2648 1980 2677 in
2009 2647 2179 2678 Cosmedin

1217 2711 1389 2742 diaconum
1416 2706 1612 2739 cardinalem
1637 2704 1720 2744 apud
1747 2707 1886 2733 castrum
1912 2700 2180 2731 Montisssasconis

1215 2892 1239 2918 1.
1257 2890 1319 2918 God.
1337 2889 1364 2915 in
1382 2887 1646 2922 magnissimorum.

1212 2939 1240 2967 2.
1257 2939 1319 2965 God.
1337 2937 1465 2964 exaltari.

1213 2988 1239 3016 3.
1257 2988 1282 3014 A
1300 2987 1325 3013 la
1342 2987 1378 3012 fin
1394 2985 1428 3011 de
1445 2984 1499 3010 mai
1520 2983 1596 3010 1234.

1214 3037 1240 3064 4.
1256 3036 1300 3063 Cf.
1319 3035 1460 3065 Potthast,
1476 3032 1556 3059 9485.
