2402 3592
167 363 184 390 4
711 359 759 387 LE
784 358 927 387 LIBER
950 355 1184 386 CENSUUM
1209 355 1262 384 DE
1287 349 1472 384 L'EGLISE
1496 353 1704 383 ROMAINE.

207 427 373 464 decerpere
390 429 423 454 ut
438 424 541 454 eidem
555 425 646 462 juxta
666 424 798 453 formam
816 422 953 452 aliorum
970 421 1162 460 patriarcha-

210 485 298 509 tuum
315 478 501 508 ordinarent
516 477 686 515 subjectos.
705 476 936 505 Subtraxerunt
959 483 1033 512 ergo
1051 474 1162 504 Antio-

208 533 308 562 cheno
324 531 542 561 Cesariensem
559 534 588 559 et
605 529 864 568 Scitopolitanum
882 527 1162 566 metropolitanos,

209 584 425 615 Alexandrino
441 592 514 613 vero
529 583 707 612 Raheusem
725 587 754 612 et
772 582 993 611 Beterrensem
1010 582 1084 610 item
1101 589 1164 610 rne-

209 637 424 676 tropolitanos3
443 641 471 666 et
490 636 643 674 quoniam
665 636 779 665 iterum
798 635 935 664 eundem
951 634 1164 673 patriarcham

209 691 369 730 oportebat
383 689 500 719 hahere
516 693 619 727 preter
635 689 830 727 supradictos
846 687 1104 726 metropolitanos
1119 686 1165 716 fa-

209 744 351 774 miliares
364 743 579 780 suffraganeos
592 750 671 781 quos
682 741 775 771 Greci
791 741 941 771 cinoellos
954 744 1079 776 vocant,
1094 739 1164 769 suh-

209 801 372 827 traxerunt
393 795 541 835 predictis
559 794 811 833 metropolitanis
831 794 984 832 quosdam
1004 793 1165 831 episcopos

208 855 240 880 et
254 849 405 888 quosdam
424 849 460 878 de
478 856 559 878 novo
573 852 762 877 creaverunt
777 856 875 885 usque
887 846 925 875 ad
941 846 1056 883 viginti
1073 845 1165 884 quin-

209 912 290 942 que3
307 910 441 941 quorum
457 901 585 931 urbium
598 909 770 930 numerum
785 905 815 929 et
831 900 961 929 nomina
978 899 1165 937 subjuncxi—

210 965 290 991 mus.
308 955 496 994 computatis
511 955 600 993 prius
617 953 868 992 metropolitanis
887 957 916 982 et
932 961 1041 982 eorum
1054 952 1165 981 suffra-

208 1009 330 1047 ganeis.
349 1008 402 1037 Est
418 1008 503 1037 enim
520 1008 596 1037 ordo
615 1007 697 1036 talis.

170 1148 266 1179 Sedes
283 1148 386 1187 prima
403 1147 536 1177 Cesarea
553 1147 722 1177 Maritima.
745 1146 810 1176 Sub
832 1146 889 1175 hac
910 1149 985 1175 sunt
1007 1145 1168 1183 episcopa-

212 1206 261 1231 tus
277 1201 369 1236 XIX,
385 1200 533 1230 videlicet
551 1213 556 1229 ·.

231 1317 325 1346 Dora.
759 1313 894 1351 Regium
910 1311 1070 1342 Gadaron.

231 1368 445 1408 Antipatrida.
758 1367 874 1395 Azatus
893 1365 1046 1394 Paralias.

230 1423 375 1452 Jamnas.
759 1420 875 1449 Azotus
893 1419 1020 1457 Tipum.

232 1475 404 1514 Nicopolis.
760 1473 958 1502 Estomason.

192 1531 209 1560 5
232 1530 333 1559 Ornis.
704 1526 736 1556 15
761 1524 905 1555 Estilion.

233 1583 371 1613 Sorucis.
758 1579 944 1608 Tricomias.

236 1637 358 1666 Rasias.
759 1632 874 1661 Toxus.

234 1689 369 1727 Regium
388 1689 514 1726 Apatos.
760 1685 918 1715 Saltuum.

235 1742 370 1780 Regium
385 1740 524 1770 Jericho.

177 1797 211 1826 10
236 1796 372 1833 Regium
391 1795 492 1824 Livas.

759 1738 1029 1777 Costantinaquis

177 1922 322 1953 Secunda
349 1920 438 1950 sedes
471 1918 637 1957 Scitopolis
671 1918 701 1947 id
731 1922 778 1947 est
811 1917 961 1946 Bethsau.
997 1916 1050 1946 Set
1083 1916 1177 1946 hodie

217 1974 368 2005 translata
386 1978 432 2003 est
449 1973 539 2002 sedes
556 1972 595 2002 ad
617 1970 775 2001 Nazareth
794 1970 833 2000 ob
855 1970 1094 2000 venerationem
1117 1978 1175 1999 an-

219 2026 430 2058 nuntiationis
448 2025 608 2055 dominice
634 2029 664 2054 et
683 2024 859 2053 nativitatis
885 2023 974 2052 beate
995 2023 1094 2052 Marie
1111 2023 1175 2052 vir-

217 2081 312 2119 ginis.
331 2079 397 2110 Sub
413 2079 472 2108 hac
487 2082 561 2108 sunt
577 2077 774 2116 episcopatus
791 2076 887 2105 VlllI
907 2089 912 2104 2

237 2191 460 2231 Capitoliados.
765 2189 989 2218 'Petracomias

240 2247 333 2276 Miru.
765 2242 886 2271 Celuna
902 2242 1066 2274 GaulaniS.

239 2298 411 2330 Gadarum.
765 2295 933 2325 Comanas.

241 2352 340 2382 Peion
359 2350 462 2380 Villis.
766 2349 930 2387 Tyberias.

202 2408 217 2437 5
240 2407 346 2445 Ippus.

182 2532 278 2563 Sedes
296 2531 387 2561 tertia
403 2530 508 2559 Araba
526 2529 683 2566 Moahihs,
703 2528 736 2558 id
759 2532 806 2558 est
823 2528 917 2557 Petra
938 2528 1080 2565 Deserti,
1097 2528 1183 2558 unde

222 2583 431 2614 Petracensis.
449 2581 515 2612 Sub
531 2581 590 2611 hac
606 2585 681 2611 sunt
698 2581 896 2620 episcopatus
913 2581 975 2610 XIl
996 2593 1001 2610 :

245 2694 481 2733 Augustopolis,
771 2693 946 2724 Virossam.

246 2748 407 2779 Arindila.
772 2746 988 2777 Pentacomia.

246 2801 381 2831 Rarach.
715 2800 749 2829 10
773 2800 970 2838 Mamapson.

247 2855 409 2894 ierapolis.
774 2853 1005 2883 Metrocomias.

207 2909 223 2937 5
249 2907 431 2937 Memsidos.
773 2906 908 2936 Saltum.

249 2961 365 2990 Elueis.
775 2959 941 2988 Ieraticon.

248 3014 335 3043 Zora

1247 419 1344 449 Sedes
1367 424 1479 458 quarta
1506 419 1632 449 Beteira
1655 419 1784 449 Arahie.
1811 419 1877 449 Sub
1902 419 1960 449 hac
1986 424 2060 450 sunt
2085 420 2248 459 episcopa-

1290 477 1339 502 tus
1356 472 1482 502 XXXV
1502 483 1508 501 :

1305 578 1480 608 Adrasson.
1776 577 1813 607 20
1837 578 2037 608 Enacomias.

1307 631 1393 661 Dias.
1835 632 2057 670 Comogonias.

1308 684 1474 714 Medavon.
1835 685 2037 725 Comogeros.

1307 737 1464 767 Ierasson.
1836 738 2048 770 Comostanis.

1268 791 1284 821 5
1307 791 1400 820 Nevi.
1837 791 2148 823 Comismabdeicon.

1308 843 1499 873 Filadelfias.
1779 845 1815 875 25
1838 845 2087 876 Comocoreatas.

1308 899 1473 937 Iex-apolis.
1838 898 2081 938 Comiscapron.

1311 953 1415 982 Esius.
1839 951 2105 983 Comisvilvanos.

1310 1005 1473 1044 Neapolis.
1841 1005 2188 1044 Comispirgoarethon.

1253 1059 1288 1089 10
1312 1058 1530 1098 Filippopolis.
1841 1058 2076 1098 Comispettius.

1311 1112 1481 1142 Fenustus.
1784 1112 1821 1142 30
1843 1112 2093 1143 Comisariocon.

1313 1166 1485 1196 Dionisias.
1843 1165 2065 1196 Comisneotis.

1313 1219 1563 1250 Constantianis.
1843 1218 2085 1250 Climaanatolis
2121 1218 2259 1259 quivisi-

1314 1273 1536 1303 Pentaconias.
1884 1281 2013 1303 norum.

1257 1326 1292 1356 15
1314 1326 1501 1356 Tricomias.
1845 1324 2106 1356 Comisariothas.

1315 1379 1504 1410 Canofados.
1845 1378 2135 1409 Comistrachonos.

1317 1434 1450 1463 Saltum.
1788 1431 1824 1462 35
1846 1431 2130 1462 Comisvefdamos.

1316 1487 1486 1517 Votaneos.

1318 1540 1513 1570 Exacomias.

1259 1713 1542 1751 Suffraganeorum
1560 1712 1664 1750 prima

1321 1819 1433 1849 Lidda.
1793 1816 1828 1846 15
1852 1816 2087 1846 Mauronensis.

1318 1872 1429 1911 Joppe.
1850 1869 1986 1899 Gedara.

1319 1926 1469 1955 Ascalon.
1851 1923 2022 1953 Nazareth.

1319 1978 1413 2008 Gaza.
1851 1976 1987 2006 Thabor.

1279 2033 1295 2062 5
1319 2032 1476 2070 Meynias.
1851 2029 1968 2059 Caraca
1983 2029 2033 2059 vel
2050 2029 2154 2059 Petra.

1320 2084 1596 2123 Pioditiauopolis.
1793 2083 1829 2112 20
1851 2082 1990 2121 Adroga.

1322 2138 1516 2176 Begeherrin
1537 2137 1570 2167 id
1594 2142 1640 2168 est
1659 2138 1737 2168 Ber·
1851 2136 1950 2166 Affra.

1361 2192 1464 2222 sabee.
1854 2189 1954 2220 Helis.

1323 2245 1472 2283 Neapolis
1485 2245 1517 2274 id
1535 2249 1581 2274 est
1594 2244 1734 2275 Sichetn.
1853 2244 1979 2273 Faram.

1323 2298 1484 2329 Sebastea.
1855 2296 2062 2336 Helenopolis

1267 2350 1301 2380 10
1322 2350 1522 2380 Jericuutus.
1794 2351 1830 2380 25
1854 2351 1947 2380 Mons
1964 2350 2063 2389 Syna.

1323 2403 1523 2442 Tyberiadis.

1324 2456 1523 2486 Diocesarea.

1326 2510 1516 2548 Legionum.

1325 2562 1516 2600 Capitolina.

1269 2735 1358 2764 Hec¹
1378 2739 1424 2763 est
1438 2734 1596 2765 ordinatio
1614 2733 1672 2764 sub
1688 2732 1859 2772 apostoliea
1874 2732 1948 2762 sede
1967 2731 2136 2762 Antiochie
2157 2711 2267 2762 catho-

1307 2918 1332 2944 1.
1349 2919 1444 2953 Api-es
1460 2918 1484 2944 le
1500 2917 1654 2953 provincial
1674 2916 1708 2943 de
1728 2916 1889 2944 Jerusalem
1906 2917 1982 2942 vient
1998 2916 2071 2943 celui
2087 2916 2269 2948 d'Antioche‚

1271 2968 1319 3002 qui
1340 2967 1486 3001 reprodust
1504 2967 1584 2993 aussi
1602 2975 1639 2993 un
1655 2966 1707 2993 des
1727 2965 1902 3001 appendices
1922 2966 1956 2992 de
1977 2965 2139 2993 Guillaume
2160 2965 2195 2992 de
2213 2965 2271 3001 Tyr

1271 3016 1353 3049 (Hist.
1376 3017 1419 3042 cles
1442 3016 1592 3049 CroisadeS,
1615 3019 1635 3042 t.
1660 3014 1681 3047 Ι,
1707 3023 1734 3050 p.
1759 3015 1848 3047 1135).
1874 3014 1951 3041 Dans
1974 3014 2016 3041 les
2039 3013 2215 3041 manuscrits
2236 3014 2272 3041 de
