2455 3560
609 359 657 388 LE
682 358 826 388 LIBER
848 357 1081 388 CENSUUM
1108 357 1159 386 DE
1185 347 1367 386 L'E'GLISE
1391 356 1599 385 ROMAINE.
2108 357 2144 386 15

106 426 243 456 Ecclesie
261 430 510 461 commorentur,
531 435 570 455 ne
593 426 674 455 inibi
697 435 751 463 per
774 425 914 463 ipsorum
933 432 1062 463 presen-

105 480 180 509 tiam
205 479 255 509 vel
277 488 387 510 eorum
409 479 577 509 occasione
605 480 702 518 possit
726 478 846 517 aliquid
873 477 1063 507 turbationis

103 533 231 569 afferri3
255 533 403 563 volumus
425 536 455 563 et
477 532 667 562 fraternitati
691 536 793 561 vestre
815 540 867 570 per
891 530 1064 569 apostolica

103 586 219 624 scripta
242 586 431 615 mandamus
453 585 605 624 quatinus
630 594 703 620 vos,
730 584 778 614 vel
806 584 884 613 alter
909 587 1062 618 vestrum,

104 639 210 668 statim
231 639 308 668 visis
331 638 547 677 presentibus,
568 647 603 667 ex
626 642 710 676 parte
730 642 834 667 nostra
850 637 941 667 dictis
957 636 1064 666 fratri-

105 693 163 722 bus
188 691 366 730 iniungatis
393 696 427 720 ut
454 691 537 720 infra
561 691 670 720 decem
694 690 762 719 dies
790 694 854 728 post
882 694 1063 728 preceptum

105 749 245 775 vestrum
264 744 373 781 egredi
390 748 504 774 terram
519 743 620 781 ipsius
636 743 768 773 ecclesie
785 752 846 773 non
864 746 1063 781 postponant.

104 800 189 828 Ante
207 798 316 828 onmia
332 806 405 827 vero
426 797 585 836 recipiatis
600 797 639 826 ab
660 797 738 834 ipsis
752 797 924 835 juratorias
942 800 972 825 et
986 795 1065 825 alias

106 852 269 882 cautiones
285 860 363 889 quas
380 855 527 889 poterunt
543 850 708 885 exhibere,
727 850 808 888 qnod
831 850 869 878 de
890 854 992 879 cetero
1009 857 1065 878 nos

105 910 159 935 ant
181 905 281 943 ipsam
304 904 487 938 ecclesiam,
508 913 562 933 seu
583 902 683 932 alium
707 903 755 932 vel
775 903 853 932 alios
872 903 904 932 in
929 911 992 941 quo
1016 902 1066 932 vel

105 958 224 996 quibus
247 957 336 987 nobis
358 956 407 986 vel
436 957 536 986 eidem
562 956 692 986 ecclesie
712 956 879 995 displicere
902 956 1068 986 crederent

107 1020 160 1050 per
177 1020 209 1040 se
224 1010 272 1040 vel
290 1019 344 1048 per
361 1010 452 1046 alios,
471 1009 596 1048 publice
610 1009 658 1039 vel
674 1009 805 1045 occulte,
820 1018 877 1047 ope
893 1009 943 1038 vel
959 1018 1064 1048 opera,

105 1063 240 1095 consilio
258 1063 305 1092 vel
323 1063 444 1099 favore⁷
462 1064 495 1092 in
511 1062 618 1101 aliquo
638 1071 701 1092 non
718 1062 898 1099 offendent;
919 1062 1068 1101 quodque

106 1118 263 1156 parebunt
275 1116 391 1146 nostris
403 1119 433 1145 et
443 1115 573 1146 ecclesie
585 1116 723 1154 predicte
733 1115 891 1144 mandatis
901 1125 962 1154 que
973 1125 1068 1154 snper

106 1169 236 1200 offensis
257 1174 367 1200 contra
390 1168 524 1198 eandem
548 1168 729 1198 commissis
749 1168 913 1198 ecclesiam
935 1178 989 1207 per
1012 1177 1068 1199 nos

106 1222 157 1253 vel
173 1231 227 1262 per
243 1222 374 1252 nuntios
387 1221 573 1251 autlitteras
586 1221 685 1251 semel
700 1226 755 1251 aut
770 1222 892 1261 pluries
907 1222 952 1252 eis
971 1222 1068 1252 duxe-

107 1277 208 1306 rimus
231 1275 388 1306 facienda.
413 1275 572 1305 Omnibus
593 1275 792 1305 cautionibus
813 1275 945 1313 receptis
963 1280 992 1305 et
1011 1275 1069 1305 ha-

106 1329 183 1359 bitis
200 1337 236 1358 ac
260 1328 336 1358 inde
357 1328 509 1358 confectis
530 1327 667 1366 publicis
684 1328 925 1364 instrumentis,
943 1328 1069 1366 utrique

107 1383 250 1422 ipsorum
267 1390 360 1420 super
377 1381 746 1411 excommunicat-ionum
764 1381 932 1410 sententiis
952 1381 1070 1420 quibus

107 1435 146 1465 ob
170 1435 294 1464 easdem
320 1434 457 1464 offensas
490 1439 639 1463 tenentur
661 1434 800 1468 astricti,
821 1435 911 1471 juxta
935 1435 1069 1464 sormam

110 1488 280 1526 predictam
298 1486 508 1516 absolutionis
521 1487 713 1516 beneficium
731 1487 934 1524 impendatis.
954 1487 1070 1517 Datum

110 1540 262 1576 Viterbii‚
291 1541 335 1569 VI
364 1540 517 1569 kalendas
543 1540 715 1575 februarii,
747 1540 944 1578 pontificatus
970 1541 1069 1570 nostri

110 1602 195 1623 anno
214 1593 267 1623 11⁰.
291 1606 303 1620 ι)

149 1647 300 1677 Veientes
321 1648 428 1685 itaque
450 1647 635 1675 mandatum
661 1646 789 1684 predicti
814 1648 935 1676 domini
953 1648 1070 1683 nostri,

113 1701 205 1730 nobis
226 1701 265 1730 ab
293 1700 402 1730 eodem
430 1700 546 1729 factum
577 1705 638 1729 tam
665 1701 696 1728 in
728 1701 852 1738 scriptis
880 1709 975 1738 quam
1001 1709 1072 1730 ora-

110 1753 180 1783 culo
203 1754 273 1782 vive
296 1753 381 1783 vocis
403 1753 516 1791 exequi
543 1757 736 1789 reverenter,
762 1753 970 1791 personaliter
995 1762 1072 1783 con-

110 1807 243 1836 tulimus
262 1815 317 1836 nos
336 1806 453 1841 Reate3
474 1811 504 1835 et
518 1806 594 1843 quia
608 1805 801 1835 venerabilis
820 1811 905 1843 pater
920 1806 1073 1835 dominus

112 1859 277 1898 episcopus
302 1859 399 1888 Reate
422 1868 439 1887 a
465 1859 557 1888 nobis
578 1858 660 1897 apud
686 1859 851 1888 ecclesiam
877 1868 965 1888 snam
994 1859 1072 1897 legi-

113 1913 187 1942 time
206 1912 378 1951 requisitus
395 1919 425 1941 et
444 1912 568 1941 duobus
585 1912 696 1941 diebus
713 1912 947 1941 nichilominus
963 1922 1074 1950 expec-

111 1970 196 1995 tatus
220 1966 271 1994 cui
297 1974 358 1994 una
386 1965 552 1994 nobiscum
577 1965 659 1993 dicte
683 1965 785 1994 littere
811 1965 1018 1994 mittebantur
1040 1966 1074 1994 in

113 2028 170 2048 sua
186 2018 305 2048 diocesi
323 2018 516 2053 morabatur,
535 2027 602 2053 nos,
621 2024 712 2056 prout
728 2027 762 2046 ex
778 2019 878 2048 torma
895 2018 1074 2047 litterarum

113 2073 253 2111 ipsarum
280 2072 416 2100 firmiter
445 2076 642 2109 poteramus,
669 2073 737 2109 ejus
762 2072 905 2100 absentia
931 2081 992 2101 non
1020 2073 1075 2101 ob-

114 2129 227 2160 stante,
242 2126 426 2163 juramento
441 2124 480 2153 ab
496 2124 615 2153 eisdem
636 2124 805 2159 nobilibus,
825 2125 918 2153 aliam
940 2129 1077 2162 prestare

115 2187 177 2208 uon
197 2178 376 2207 valentibus
391 2178 583 2210 cautionem,
598 2178 687 2215 juxta
701 2178 907 2215 prescriptam
928 2178 1075 2214 formam,

115 2236 145 2261 et
165 2231 203 2260 ad
229 2240 340 2269 penam
361 2239 457 2269 quam
480 2230 563 2259 idem
582 2230 731 2259 dominus
749 2230 848 2259 voluit
865 2231 910 2260 eis
930 2231 1077 2268 infligere

116 2286 141 2314 si
166 2293 257 2314 secus
279 2284 412 2313 fecerint
436 2283 631 2320 obligatione
654 2284 803 2320 receptis„
822 2283 904 2321 qnod
922 2284 959 2313 de
975 2289 1079 2313 cetero

119 2337 257 2367 eundem
276 2336 444 2366 dominum
467 2335 514 2364 vel
534 2336 709 2365 Romanam
725 2336 889 2365 ecclesiam
910 2336 959 2366 vel
979 2336 1077 2366 alium

118 2389 167 2420 vel
184 2389 261 2419 alios
272 2390 304 2418 in
323 2397 384 2427 quo
400 2390 448 2417 vel
463 2388 580 2427 quibus
594 2388 759 2418 crederent
773 2389 874 2419 eidem
888 2389 1018 2420 domino
1030 2389 1079 2420 vel

117 2443 248 2473 ecclesie
268 2442 438 2481 displicere
456 2451 509 2480 per
527 2450 561 2471 se
576 2441 625 2470 vel
642 2450 697 2479 per
714 2441 803 2478 alios,
821 2442 946 2480 publice
963 2443 1011 2472 vel
1027 2451 1079 2473 oc-

117 2495 212 2531 culte,
229 2504 286 2534 ope
300 2495 350 2524 vel
369 2503 474 2534 opere,
492 2494 624 2524 consilio
641 2494 689 2523 vel
706 2494 822 2531 favore,
842 2495 875 2524 in
893 2496 998 2534 aliduo
1015 2505 1079 2526 non

118 2548 300 2584 offendent3
319 2547 467 2586 quodque
484 2547 640 2585 parebunt
660 2547 778 2584 precise
797 2547 938 2585 ejusdem
957 2548 1080 2577 domini

119 2608 149 2632 et
165 2601 298 2631 ecclesie
315 2600 453 2639 predicte
470 2599 630 2629 mandatis
650 2608 712 2638 que
733 2609 787 2638 per
801 2610 833 2630 se
853 2600 902 2630 vel
919 2610 973 2639 per
996 2610 1080 2630 nnn-

121 2655 178 2684 tios
209 2657 263 2683 aut
290 2653 409 2682 litteras
443 2652 540 2682 semel
569 2655 624 2681 aut
656 2651 774 2690 pluries
803 2652 923 2682 eisdem
956 2653 1081 2683 duxerit

120 2706 281 2742 facienda,
304 2706 390 2744 ipsos
411 2705 533 2735 nobiles
555 2705 594 2734 ab
615 2706 983 2736 excommunicationum
1009 2716 1080 2736 sen-

121 2760 229 2790 tentiis
252 2759 369 2798 quibus
396 2759 587 2788 tenebantur
608 2758 774 2787 occasione
798 2758 1010 2796 predictarum
1033 2761 1080 2789 of-

122 2814 282 2843 fensarum
307 2811 443 2847 astricti,
461 2811 649 2840 auctoritate
667 2810 836 2849 apostolica
859 2812 951 2842 nobis
973 2813 1005 2841 in
1025 2813 1082 2843 hac

122 2872 208 2906 parte
242 2867 411 2895 commissa
444 2865 595 2894 duximus
624 2864 848 2899 absolvendos,
882 2874 916 2894 ac
950 2867 994 2895 eis
1024 2867 1082 2896 snb

121 2920 228 2949 debito
250 2918 372 2956 prestiti
391 2919 565 2957 juramenti
585 2922 613 2946 ct
635 2918 818 2957 hujusmodi
839 2927 919 2956 pena
939 2928 972 2948 ex
998 2925 1083 2957 parte

124 2973 224 3011 ipsius
240 2971 364 3001 domini
379 2980 454 3010 pape
466 2971 605 3000 districte
623 2971 820 3009 precepimus
833 2975 864 2999 ut
880 2971 960 3000 infra
976 2972 1083 3001 decem

124 3025 192 3054 dies
209 3034 226 3054 a
242 3025 292 3054 dle
308 3024 445 3062 precepti
468 3023 653 3062 hujusmodi
671 3023 913 3061 computandos,
936 3024 974 3053 de
993 3025 1085 3054 terris

1186 422 1286 460 ipsius
1300 422 1429 451 ecclesie
1444 423 1568 460 penitus
1584 423 1668 452 exire
1685 427 1865 461 procurent,
1881 428 1910 452 et
1922 423 2006 461 quod
2023 423 2055 452 in
2076 432 2142 462 pas-

1187 476 1274 513 sagio
1291 475 1432 513 proximo
1444 475 1549 505 futuro
1563 477 1673 514 prefati
1687 476 1808 506 nobiles
1826 476 2032 514 personaliter
2044 481 2143 505 trans—

1188 528 1353 563 fretantes,
1375 528 1408 557 in
1433 529 1596 557 servitium
1619 530 1715 558 Terre
1734 529 1848 559 Sancte
1872 538 1925 567 per
1946 530 2042 559 unius
2064 530 2143 558 anni

1188 582 1323 619 spatium
1335 587 1581 615 commorentur,
1596 581 1643 611 vel
1655 582 1688 610 in
1701 582 1810 611 eodem
1825 583 1967 620 passagio
1976 582 2144 612 duodecim

1188 633 1303 663 milites
1327 633 1474 663 decenter
1495 639 1618 671 paratos
1644 635 1674 663 in
1700 635 1790 673 equis
1815 640 1845 664 et
1863 636 1960 664 armis
1980 640 2009 665 et
2031 635 2145 673 viginti

1188 686 1367 716 balistarios
1385 687 1502 725 pedites
1524 687 1602 716 bene
1627 689 1766 717 munitos
1782 688 1997 717 transmittant
2020 689 2051 717 in
2071 689 2144 718 sub-

1188 739 1305 769 sidium
1323 739 1403 768 dicte
1417 744 1509 775 terre,
1525 740 1642 769 ibidem
1661 750 1713 778 per
1726 750 1825 769 unum
1843 750 1965 770 annum
1979 741 2013 770 in
2031 750 2146 771 eorun-

1187 793 1258 822 dem
1288 792 1446 822 nobilium
1477 793 1643 830 stipendiis
1678 802 1910 831 permansuros.
1944 794 2009 824 Hec
2039 799 2144 824 autem

1188 846 1415 875 mandavimus
1431 845 1529 875 salvis
1548 846 1781 875 nichilominus
1797 846 1945 876 omnibus
1964 847 2037 876 aliis
2054 856 2146 876 man-

1188 898 1269 927 datis
1294 908 1354 936 que
1378 898 1461 927 idem
1483 898 1636 928 dominus
1661 908 1714 936 per
1737 908 1769 927 se
1790 899 1838 927 vel
1866 909 1918 937 per
1943 900 2070 930 nuntios
2095 905 2149 929 aut

1190 950 1320 987 litteras,
1334 951 1432 980 semel
1446 956 1499 980 alit
1517 951 1648 989 pluries,
1664 952 1740 988 ipsis
1757 952 1879 980 duxerit
1894 952 2049 987 facienda,
2067 954 2149 982 sicut

1190 1005 1339 1043 superius
1367 1010 1414 1034 est
1443 1013 1640 1043 expressum.
1673 1004 1708 1033 In
1736 1005 1825 1042 cujus
1857 1005 1901 1033 rei
1930 1005 2146 1035 testimonium

1190 1066 1319 1096 presens
1342 1057 1594 1086 instrumentum
1622 1066 1675 1095 per
1697 1056 1891 1086 Rainahlum
1918 1058 2060 1095 magistri
2090 1059 2147 1088 Be-

1190 1111 1275 1140 rardi
1301 1111 1460 1140 notarium
1486 1111 1618 1139 Reatine
1644 1110 1780 1140 civitatis
1805 1110 1875 1140 fieri
1901 1111 2034 1141 [ecimus
2059 1117 2088 1141 et
2109 1112 2146 1141 ad

1190 1164 1320 1203 majoris
1350 1164 1471 1193 roboris
1497 1163 1680 1194 firmitatem
1709 1164 1810 1194 nostri
1840 1163 1938 1201 sigilli
1966 1165 2149 1195 munimine

1190 1218 1341 1248 roborari.

1231 1272 1348 1300 Actum
1371 1271 1403 1299 in
1423 1270 1516 1300 domo
1539 1269 1663 1299 domini
1684 1269 1819 1299 Teodini
1842 1270 1879 1299 de
1903 1270 2014 1300 Frasso
2035 1271 2067 1299 in
2088 1279 2150 1309 quo

1194 1323 1277 1352 idem
1294 1323 1459 1362 episcopus
1478 1323 1673 1359 morabatur,
1687 1332 1736 1352 me
1752 1326 1898 1361 presente
1910 1324 2031 1353 notario
2045 1329 2073 1353 et
2091 1329 2151 1353 tes-

1194 1377 1277 1406 tibus
1294 1377 1503 1414 infrascriptis
1521 1376 1637 1406 vocatis
1654 1379 1682 1405 et
1699 1376 1826 1413 rogatis,
1845 1375 1947 1405 silicet
1963 1376 2057 1405 fratrc
2073 1377 2151 1406 Gre-

1192 1430 1280 1467 gorio
1306 1430 1483 1467 gnardiano
1506 1429 1636 1458 ecclesie
1663 1430 1764 1458 sancti
1792 1430 1951 1458 Francisci
1977 1430 2016 1458 de
2040 1431 2150 1466 Reate,

1192 1483 1289 1512 fratre
1307 1483 1478 1512 Dominico
1496 1482 1532 1511 [le
1555 1482 1668 1511 ordine
1688 1482 1863 1517 Minorum,
1885 1483 2034 1519 magistro
2054 1483 2152 1511 Fran-

1193 1536 1276 1566 cisco
1299 1536 1564 1574 archipresbitero
1585 1536 1684 1564 sancti
1704 1535 1865 1564 Johannis
1883 1536 1921 1564 de
1941 1537 2066 1569 Statua,
2092 1536 2151 1565 Pe-

1194 1589 1310 1619 trozolo
1326 1590 1485 1622 Consoris,
1506 1589 1631 1618 Matheo
1649 1588 1807 1617 ¹iohannis
1827 1589 1896 1617 Rici
1916 1590 2100 1618 mercatoris
2115 1589 2153 1618 de

1196 1643 1303 1677 Reate,
1319 1642 1492 1671 'l'homnsio
1505 1642 1542 1670 de
1561 1642 1664 1675 Fosse,
1676 1641 1824 1670 Jobanne
1840 1641 1983 1670 Oddonis
1996 1640 2152 1679 specialis.

1195 1697 1338 1735 Symone
1364 1695 1580 1724 Bartholon‘wi
1602 1700 1631 1723 et
1655 1694 1801 1730 magistri
1826 1694 1953 1722 Andree
1983 1694 2154 1723 muratoris

1196 1754 1226 1778 et
1244 1749 1381 1778 aliorum
1405 1748 1563 1785 plurium,
1587 1748 1617 1775 in
1643 1756 1728 1776 anno
1751 1747 1878 1776 Domini
1905 1746 2154 1782 M.CC,LXVII,

1197 1802 1373 1831 indictione
1398 1801 1444 1836 X,
1470 1807 1607 1838 tempore
1632 1800 1757 1829 domini
1780 1800 1955 1829 Clementis
1976 1800 2039 1829 IIlI
2061 1809 2153 1838 pape,

1198 1855 1400 1893 pontificatus
1417 1856 1485 1891 ejus
1501 1862 1585 1883 anno
1600 1854 1652 1887 110.
1667 1862 1776 1883 meuse
1793 1853 1943 1882 februarii
1962 1853 2012 1882 die
2028 1854 2153 1892 quinta.

1241 1909 1304 1946 Ego
1328 1907 1505 1936 Rainaldus
1529 1911 1635 1935 sancte
1658 1907 1802 1936 Romane
1820 1906 1951 1935 ecclesie
1973 1912 2003 1935 et
2025 1907 2158 1935 Reatine

1197 1962 1334 1991 civitatis
1355 1961 1514 1994 notariusv
1534 1961 1594 1988 hiis
1614 1960 1765 1989 omnihus
1788 1959 1934 1994 intertui,
1959 1964 1988 1988 et
2007 1959 2045 1988 de
2067 1968 2158 1988 man-

1199 2015 1270 2044 dato
1292 2014 1365 2043 dicti
1389 2014 1511 2042 domini
1535 2014 1669 2051 episcopi
1692 2013 1820 2050 scripsi,
1840 2017 1869 2042 et
1888 2017 2015 2049 rogatus
2033 2021 2049 2041 a
2066 2012 2158 2041 dictis

1199 2068 1369 2098 comitibus
1388 2067 1543 2105 publicavi
1561 2072 1590 2095 et
1607 2067 1736 2103 signum
1755 2066 1823 2094 teci.

1646 2179 1674 2207 ti.

1242 2279 1447 2309 Rectoribus¹
1466 2280 1609 2308 Romane
1626 2279 1843 2307 fraternitatis.
1865 2279 1908 2306 De
1927 2278 2012 2307 vultu
2028 2278 2160 2316 gloriosi

1202 2332 1424 2371 Apostolorum
1450 2331 1602 2370 principis
1625 2331 1720 2369 rubor
1743 2331 1860 2369 injurie
1885 2340 1946 2359 non
1971 2331 2038 2360 sine
2062 2332 2160 2369 ipsius

1201 2386 1290 2423 gravi
1305 2384 1436 2424 querela
1452 2385 1632 2422 consurgit,
1652 2384 1737 2422 quod
1758 2385 1825 2422 ejus
1848 2385 2009 2422 proprium
2027 2384 2162 2413 domici-

1200 2439 1294 2474 lium,
1314 2438 1398 2468 Urbs
1410 2447 1498 2467 sacra
1514 2438 1674 2472 videlicet,
1695 2437 1935 2476 inquinatorum
1954 2437 2086 2476 pedibus
2104 2438 2163 2467 teri

1202 2492 1407 2530 permittitur,
1427 2497 1456 2521 et
1472 2491 1561 2520 illius
1580 2500 1692 2529 nuper,
1711 2491 1792 2520 sicut
1807 2490 1998 2528 accepimus,
2020 2491 2163 2529 ejusdem

1205 2544 1301 2574 Urbis
1317 2543 1419 2574 hostia
1434 2547 1602 2581 patuerunt
1614 2543 1775 2581 ingressui
1791 2543 1845 2581 qui
1863 2547 2011 2581 tauquam
2027 2543 2076 2572 vir
2091 2552 2164 2573 exe-

1203 2597 1332 2627 crabilis
1351 2601 1380 2627 et
1401 2596 1471 2627 labe
1489 2596 1681 2635 proditionis
1703 2596 1841 2626 insectus
1867 2605 1930 2626 non
1954 2596 2058 2626 solum
2082 2597 2164 2626 inibi

1204 2652 1313 2681 debuit
1328 2660 1392 2681 non
1409 2650 1546 2688 admitti,
1562 2655 1608 2680 set
1624 2659 1641 2679 a
1659 2650 1802 2679 fidelium
1819 2649 1961 2688 ejusdem
1978 2649 2038 2679 loci
2054 2651 2165 2681 matris

1203 2705 1336 2735 ecclesie
1352 2704 1493 2734 filiorum
1510 2704 1644 2734 omnino
1660 2704 1777 2733 meruit
1798 2704 2025 2733 communione
2041 2703 2164 2743 repelli.

1204 2759 1398 2788 Audivimus
1421 2758 1507 2788 enim
1531 2757 1715 2787 mirandum
1740 2757 2015 2796 quamplurimum
2042 2763 2070 2787 et
2091 2757 2165 2787 hor-

1205 2933 1227 2958 i.
1252 2931 1386 2961 Viterbe,
1408 2931 1440 2957 Qu
1462 2931 1578 2957 octobre
1606 2930 1680 2956 1267.
1702 2945 1734 2949 —
1759 2929 1902 2960 l’otthast,
1925 2931 2030 2963 mclii.
2051 2946 2081 2949 —-
2103 2930 2166 2956 Cle-

1167 2984 1244 3006 ment
1266 2979 1304 3006 Ix·
1332 2979 1458 3005 ordoune
1480 2987 1534 3005 aux
1557 2984 1684 3004 recteurs
1707 2979 1740 3004 de
1761 2979 1785 3004 la
1808 2978 1964 3004 Fratcrnitc
1988 2988 2112 3004 romanoe
2134 2979 2166 3004 de

1168 3029 1238 3055 citer
1254 3028 1380 3054 Galvano
1399 3027 1520 3057 Lancea,
1542 3029 1643 3060 relaps,
1661 3030 1675 3053 a
1691 3028 1877 3061 comparaitrc
1895 3027 1995 3052 derant
2014 3028 2059 3053 lui.
