2455 3560
1058 340 1258 371 ALBINL’S.

194 405 250 435 SS.
270 405 414 441 Quatuor
431 411 461 435 et
477 407 508 435 S.
527 406 676 436 Clemens
689 411 718 436 et
734 407 766 437 S,
788 407 974 437 Pauci-atius
1001 407 1119 436 liabent

154 458 363 488 elemosinam
382 459 458 489 inde
476 469 521 489 ιιιι
537 460 687 489 denarios
710 461 887 499 papienses.

195 511 359 550 Magistris
373 521 428 550 pro
441 521 535 542 cavea
550 517 725 551 etquatuor
741 513 850 542 sunes¹
866 513 994 551 quando
1007 521 1117 542 accen-

154 564 236 594 dunt
247 568 350 594 rete...
363 565 520 604 exceptis⁹
530 566 792 596 ebdomadalibus
804 566 1016 595 cardinalium
1028 571 1056 595 et
1067 575 1116 595 ec-

154 617 250 647 clesie
268 617 351 647 beati
375 618 540 648 Laurentii
564 620 596 648 iu
623 619 746 649 Palatio
768 623 798 649 et
822 619 1011 648 clericorum
1037 619 1119 647 beati

157 670 241 700 Petri
257 675 287 700 ct
298 676 467 700 cantorum
487 677 516 701 et
532 671 779 702 dominicalibus
790 672 998 702 diaconorum
1015 671 1118 700 cardi-

157 723 292 752 nalinm.

196 777 233 805 In
251 777 446 807 stationibus
471 786 545 807 veto
565 787 667 807 unum
686 787 740 816 par
760 777 937 808 facularum
956 778 993 807 ad
1013 786 1121 816 vespe-

158 838 208 858 ras
226 838 247 859 ιι
264 829 418 859 librarum
437 835 468 859 et
485 831 523 860 ad
541 831 670 860 missam
690 841 709 860 ιι
729 831 896 860 librarum.

197 883 334 912 Familia
350 892 477 922 quoque
495 884 621 914 domini
646 893 724 922 pape
743 884 908 913 consuevit
926 883 1043 912 habere
1060 882 1121 912 ali-

155 945 253 974 quam
271 936 542 966 benedictionem.

196 989 332 1025 Quando
357 990 512 1020 dominus
542 999 620 1028 papa
645 991 851 1029 prolongatur
875 1000 890 1020 e
919 991 1020 1020 Roma
1051 990 1121 1028 plus

156 1052 252 1081 quam
271 1052 334 1073 una
350 1043 445 1079 dieta,
471 1045 499 1073 ei
525 1044 685 1082 siquidem
704 1053 766 1074 non
789 1044 882 1073 datur
904 1052 975 1073 cera
999 1052 1053 1082 pro
1069 1052 1121 1072 ca-

155 1105 256 1126 mera.

197 1149 344 1179 Preterea
362 1149 487 1185 calices,
514 1158 636 1186 cruceS‚
655 1149 795 1179 turibula
821 1154 851 1179 et
869 1149 995 1185 bacilia,
1024 1158 1121 1178 aurea

155 1203 222 1232 sive
238 1207 400 1240 argentea,
421 1203 557 1238 camisii,
575 1203 694 1239 amicti,
713 1203 802 1239 stole,
821 1203 993 1241 manipuli,
1012 1211 1120 1241 corpo-

155 1256 256 1292 ralia,
283 1256 497 1294 supercalices
521 1260 551 1285 et
577 1256 779 1293 manutergia
807 1256 845 1285 de
872 1255 1069 1285 Alamannia
1093 1260 1123 1284 et

158 1309 253 1349 pallia
269 1318 365 1347 super
380 1319 410 1338 Vt
429 1309 526 1339 libras
540 1309 773 1339 affortiatorum
792 1318 853 1347 que
877 1309 914 1338 ad
932 1309 1031 1338 altare
1045 1309 1122 1338 offe-

157 1366 274 1392 runtur
290 1362 415 1392 domini
435 1371 512 1400 pape
531 1366 616 1391 sunt.

195 1415 306 1445 Altare
333 1419 453 1451 autem,
480 1423 552 1444 cnm
580 1424 709 1445 necesse
737 1415 844 1451 suerit,
871 1420 933 1445 tres
960 1415 1062 1444 trabes
1088 1415 1121 1443 in

158 1469 232 1498 navi
250 1468 390 1506 singulis
406 1468 503 1497 annis
521 1468 668 1503 mutabit,
693 1473 724 1497 et
748 1478 768 1497 11
791 1468 939 1497 denarios
956 1467 1124 1506 papienses

158 1530 213 1560 pro
229 1520 424 1551 victualibus
442 1521 602 1559 magistris
618 1521 651 1550 S.
668 1521 753 1550 Petri
768 1530 840 1551 cum
859 1521 890 1549 in
905 1521 971 1559 ipsa
989 1520 1124 1550 ecclesia

156 1580 329 1614 operantur
342 1574 440 1604 dabit.

200 1628 328 1658 Bonum
355 1628 450 1656 etiam
483 1627 654 1666 prandium
681 1627 768 1656 dabit
794 1628 957 1657 canonicis
978 1627 1010 1657 S.
1038 1627 1125 1657 Petri

161 1689 233 1711 cum
252 1680 374 1710 suerint
399 1684 461 1710 tota
486 1685 577 1710 nocte
593 1680 626 1709 in
644 1680 767 1718 vigiliis
783 1680 958 1719 palleorum
985 1681 1125 1710 Romani

163 1734 333 1772 pontificis,
357 1732 622 1772 patriarcharum.
649 1733 960 1772 archiepiscoporum
991 1738 1020 1763 et
1045 1742 1125 1771 quo-

159 1787 307 1816 rumdam
332 1788 571 1825 episcoporum3
608 1796 670 1825 que
697 1787 845 1825 quotiens
875 1796 1004 1816 necesse
1028 1787 1127 1816 fuerit

161 1840 282 1878 parabit
312 1840 399 1878 prior
433 1839 562 1869 basilice
584 1845 614 1869 et
641 1849 713 1869 cum
745 1840 888 1870 diaconis
907 1840 1125 1869 cardinalibus

157 1893 304 1922 intererit
320 1892 442 1923 dationi
462 1893 565 1931 ipsius
588 1892 695 1931 pallei.

120 1989 190 2017 ³4.
206 2004 244 2007 —
269 1986 431 2016 RnooiTus
454 1996 486 2015 ιΝ
509 1995 589 2016 URBE
613 1986 704 2016 Boua
721 1987 743 2015 ³.

162 2066 190 2095 1,
219 2066 450 2095 Monasterium
465 2067 474 2085 ⁴
491 2075 516 2095 s.
536 2065 631 2095 Pauli
648 2075 761 2104 panem
781 2075 835 2104 pro
851 2074 983 2104 persona
1001 2065 1125 2095 domini

261 2128 349 2157 pape.

159 2173 191 2202 2.
219 2172 374 2202 Canonici
402 2172 632 2202 Lateranenses
651 2172 812 2201 similiter.

158 2379 182 2404 1.
204 2378 259 2405 Sic.
277 2392 310 2398 —
325 2377 346 2404 ll
363 2379 448 2411 s'agit
466 2378 501 2404 ici
517 2378 553 2403 du
571 2381 625 2404 rete·
643 2386 773 2411 maynum
791 2379 876 2412 qu'on
895 2379 1049 2406 n'allumait
1063 2383 1127 2415 qu'a

120 2427 146 2453 la
169 2425 376 2452 Saint-Picrre.
398 2426 442 2452 On
466 2426 524 2452 voit
551 2434 600 2460 par
626 2425 739 2453 Mallius
761 2427 830 2460 qn'il
856 2435 888 2453 se
911 2429 1071 2462 composait
1093 2429 1127 2454 de

120 2479 222 2510 quatre
236 2475 377 2509 coi-dages
394 2477 525 2501 attachcs
549 2476 562 2499 a
590 2475 614 2500 la
638 2486 648 2496 t-

120 2527 222 2558 quatre
241 2524 325 2549 coins
349 2523 385 2549 du
421 2523 564 2557 poi-tique.

121 2573 237 2598 lustres.

678 2475 762 2509 pigna
790 2485 801 2499 ι
825 2475 859 2500 de
880 2476 1001 2502 l'atrium
1023 2482 1050 2502 et
1071 2485 1125 2502 aux

601 2522 644 2548 De
671 2531 720 2549 ces
745 2523 885 2557 cordages
912 2524 1063 2557 pendaient
1087 2525 1127 2550 les

156 2621 183 2647 2².
206 2621 227 2647 Il
242 2621 302 2648 doit
319 2630 458 2654 manquer
474 2621 509 2647 ici
526 2621 650 2655 quelque
666 2621 764 2647 chose.

156 2670 182 2696 3.
203 2669 244 2696 lei
271 2678 440 2696 cummeneo
465 2670 490 2695 la
517 2670 592 2695 table
614 2669 667 2695 des
691 2678 761 2696 cens
787 2674 970 2704 proprement
993 2670 1059 2701 dite,
1078 2678 1128 2696 sni·

121 2719 240 2753 laquelle
259 2719 290 2752 je
306 2718 369 2745 dois
397 2726 538 2753 renvoyer
558 2720 573 2744 a
600 2718 823 2745 l'introduction.
842 2718 884 2745 On
901 2728 916 2744 a
934 2719 1064 2753 imprime
1081 2720 1126 2749 ici,

120 2775 232 2793 comme
249 2772 372 2802 partout,
392 2767 428 2793 du
448 2772 536 2798 reste,
553 2776 587 2792 en
612 2768 715 2801 petites
731 2767 867 2801 capitales
883 2767 924 2793 les
946 2772 1020 2794 mots
1035 2768 1130 2794 rubri-

121 2818 195 2849 qucs
210 2816 282 2842 dans
299 2816 324 2842 le
338 2816 508 2842 manuscrit.
972 2819 974 2821 ’

157 2865 183 2891 4.
206 2863 250 2890 De
265 2867 340 2890 cette
358 2865 423 2890 listc¹
440 2864 578 2895 romaine,
595 2863 720 2890 Cencius
738 2865 851 2898 neglige
865 2865 906 2890 les
924 2870 964 2890 nvS
979 2865 999 2895 1,
1017 2863 1042 2896 3,
1060 2865 1085 2898 4,
1103 2865 1128 2896 5,

120 2913 150 2947 8,
168 2913 201 2939 10
217 2913 392 2946 (ce-dernier
410 2914 521 2939 revient
537 2915 551 2939 a
574 2913 687 2945 Porto):
711 2914 729 2939 il
751 2914 840 2948 garde
862 2913 888 2947 2,
913 2914 939 2946 6,
961 2915 986 2945 7,
1011 2914 1036 2944 9,
1058 2914 1131 2940 mais

123 2970 194 2989 avec
209 2962 530 2997 quelquesdiffcrences
545 2962 579 2988 de
597 2962 740 2989 redaction
752 2970 823 2995 pour
838 2963 880 2988 les
897 2963 967 2988 trois
979 2963 1128 2997 premiers.

125 3010 146 3036 Il
163 3012 260 3045 ajonte
276 3011 351 3037 deux
365 3019 446 3043 cens,
461 3019 534 3046 pour
547 3019 571 3037 s.
584 3010 686 3037 Michel
702 3011 729 3036 in
746 3010 839 3044 Boi-go
851 3015 878 3037 et
890 3019 962 3045 pour
974 3019 998 3036 s.
1012 3010 1130 3036 Basilio.

2148 343 2202 373 109

1268 432 1273 437 .
1304 407 1442 438 Ecclesia
1459 418 1483 437 s.
1504 409 1600 438 Marci
1617 419 1633 438 x
1646 409 1762 439 solidos
1775 410 1979 439 denariorum
1998 410 2198 448 papiensium

1341 469 1394 499 pro
1412 470 1513 490 massa
1531 471 1625 500 quam
1644 471 1722 500 papa
1741 462 1920 491 Celestinns
1936 464 1963 491 ei
1981 463 2146 492 concessit.

1268 536 1273 542 .
1305 512 1444 542 Ecclesia
1462 523 1486 542 s.
1508 514 1592 543 Petri
1608 524 1644 543 xx
1663 515 1780 545 solidos
1795 515 1957 544 lut-censes
1971 517 1992 544 ¹.

1268 589 1272 594 .
1303 565 1443 595 Ecclesia
1463 576 1486 596 s.
1512 567 1659 597 Susaunc
1683 577 1781 597 unum
1809 568 1954 597 scitatum
1974 573 2003 597 et
2027 578 2032 597 ι
2054 568 2201 598 morabu-

1342 619 1458 650 tinum.

1268 695 1273 700 .
1302 671 1355 700 Illi
1371 672 1423 710 qui
1443 675 1552 701 teuent
1576 673 1691 702 turrim
1721 674 1751 702 in
1777 674 1876 711 capite
1900 674 2002 711 pontis
2024 673 2200 702 Judeorum

1343 735 1387 754 1111
1404 725 1553 755 denarios
1574 728 1749 764 papienses.

1269 802 1274 807 .
1305 778 1444 807 Ecclesia
1465 788 1488 808 s.
1513 779 1613 816 Egidii
1637 788 1709 809 cum
1732 779 1878 818 hospitali
1907 781 1967 809 sita
1986 781 2075 816 juxta
2091 781 2204 809 civita-

1346 836 1406 860 tem
1426 832 1621 862 Leonianam
1639 842 1676 861 m.
1696 832 1811 862 solidos
1827 834 2056 863 affortiatorum
2076 834 2107 863 in
2127 833 2204 863 sesto

1344 894 1368 913 5.
1389 885 1525 914 Andree.

1269 961 1274 966 .
1305 938 1444 967 Ecclesia
1458 948 1481 966 5.
1503 939 1652 967 praxedis
1670 948 1676 967 1
1693 939 1853 968 scifatum.

1269 1011 1276 1018 .
1307 990 1445 1019 Ecclesia
1460 1000 1484 1019 5.
1506 990 1652 1020 Abbaciri
1674 1001 1681 1020 1
1701 992 1953 1021 tuot-abutimini.

1271 1067 1276 1072 ,
1306 1043 1419 1072 Petrus
1438 1044 1531 1072 Latro
1548 1053 1567 1072 ιι
1588 1045 1807 1074 morabutinos
1825 1053 1878 1082 pro
1893 1050 1994 1075 castro
2010 1045 2099 1075 Cere,

1364 1130 1400 1159 IN
1421 1139 1605 1160 EPISCOPATU
1624 1133 1648 1160 Α
1656 1140 1815 1161 LBANENSt.

1285 1202 1424 1232 Ecclesia
1441 1213 1465 1232 5.
1484 1204 1599 1233 Donati
1618 1204 1656 1233 de
1675 1204 1847 1233 Maritimis
1866 1214 1873 1233 1
1892 1205 2144 1234 morabutinum.

1286 1256 1449 1294 Hospitale
1467 1255 1506 1285 de
1518 1256 1654 1286 Cantaro
1671 1266 1678 1285 1
1696 1257 1809 1286 libram
1828 1266 1909 1286 cere.

1365 1343 1401 1371 ΙΝ
1420 1351 1606 1372 εΡιεοοΡΑΤιι
1633 1343 1826 1372 Pom-nessi.

1286 1415 1402 1444 Petrus
1420 1415 1511 1444 Latro
1530 1424 1551 1444 11
1569 1415 1789 1445 morabutinos
1805 1423 1859 1453 pro
1875 1419 1976 1444 castro
1993 1415 2070 1444 Cere
2081 1417 2103 1444 ².

1368 1503 1401 1531 ΙΝ
1427 1502 1575 1531 Manem».
1599 1511 1636 1531 ET
1653 1511 1776 1532 oucATu
1795 1502 1989 1531 Sponsum.

1246 1597 1249 1600 .
1288 1576 1325 1605 In
1350 1575 1598 1613 Senogalliensi.

1252 1620 1257 1623 ¹
1286 1628 1323 1657 In
1346 1628 1560 1658 Anconitauo.

1211 2860 1386 2886 redevances
1415 2858 1449 2884 de
1479 2858 1503 2884 la
1529 2857 1668 2891 basiliquc
1698 2856 1844 2885 vaticano,
1873 2856 2044 2881 c'numerees
2069 2854 2214 2880 ci-dessus

1212 2918 1239 2943 p.
1264 2908 1323 2935 107.

1248 2957 1274 2983 ἱ).

1286 1681 1323 1710 In
1347 1680 1505 1710 Oximano

1347 1734 1505 1764 Homines
1522 1734 1639 1763 montis
1654 1743 1679 1762 s.
1703 1733 1788 1762 Petri
1810 1742 1840 1761 ιιι
1858 1732 1976 1762 solidos
1992 1732 2170 1762 luet-enses.

1348 1787 1487 1816 Ecclesia
1506 1796 1529 1816 5.
1550 1787 1635 1816 Petri
1655 1786 1800 1823 ejusdem
1819 1785 1880 1815 loci
1902 1795 1923 1815 ιι
1942 1785 2070 1815 solidos.

1288 1842 1325 1870 In
1349 1841 1530 1871 Uinaneusi

1350 1893 1491 1923 Ecclesia
1511 1902 1535 1922 s.
1556 1892 1688 1921 Fabiani
1706 1892 1744 1921 de
1762 1892 1913 1921 Racanati
1934 1901 1975 1920 xu
1990 1891 2149 1921 denarios.

1290 1948 1325 1976 ln
1351 1947 1501 1976 Firmano

1349 1999 1557 2038 Hospitalede
1568 1998 2005 2037 Aquasanctaxupodienses
2015 2006 2210 2036 perannum.

1287 2055 1324 2083 In
1350 2053 1520 2083 Asisinate.

1290 2108 1323 2136 ln
1348 2107 1519 2137 Camerino

1350 2159 1579 2189 Monasterium
1598 2168 1622 2187 s.
1646 2158 1745 2186 Mai-ie
1764 2157 1802 2186 de
1819 2158 1943 2186 Frastra
1967 2166 1986 2185 ιι
2011 2156 2110 2186 libras
2128 2165 2210 2186 cere.

1349 2212 1580 2242 Monasterium
1600 2220 1624 2241 s.
1652 2211 1752 2240 Marie
1773 2210 1811 2239 de
1836 2210 2042 2247 Villamagna
2065 2219 2073 2238 1
2098 2209 2210 2239 libram

1388 2274 1458 2294 cere
1475 2273 1529 2303 pro
1545 2273 1640 2294 censu
1657 2269 1686 2293 et
1702 2273 1710 2293 1
1724 2263 1900 2292 bisantium
1920 2271 1974 2301 pro
1991 2263 2143 2301 pensione
2159 2271 2212 2292 cu-

1386 2318 1513 2357 jusdam
1530 2321 1622 2346 terre.

1350 2373 1580 2403 Monasterinm
1595 2372 1633 2401 de
1649 2371 1774 2401 Cliente
1791 2380 1799 2399 1
1815 2370 1928 2399 libram
1946 2370 1984 2399 de
2002 2379 2074 2399 cera
2094 2375 2123 2399 et
2140 2379 2148 2399 1
2166 2370 2212 2399 bi-

1388 2426 1528 2455 santium
1545 2433 1599 2463 pro
1615 2425 1664 2454 his
1679 2433 1741 2462 que
1757 2428 1841 2453 tenet
1853 2423 1892 2452 ab
1905 2422 2037 2452 ecclesia
2054 2423 2209 2452 Romana.

1289 2480 1326 2509 In
1352 2480 1429 2509 Foro
1445 2478 1678 2517 Simpronensi.

1291 2533 1327 2562 ln
1353 2533 1514 2563 Urbinati.

1290 2587 1328 2616 In
1352 2585 1493 2615 Calleusi

1352 2638 1491 2668 Ecclesia
1507 2647 1532 2667 s.
1548 2636 1693 2666 Gerontii
1712 2645 1753 2665 xii
1770 2635 1953 2665 affortiatos.

1294 2810 1332 2837 Ce
1349 2818 1419 2836 cens
1435 2818 1469 2836 ne
1489 2809 1579 2844 parait
1597 2817 1646 2842 pas
1662 2816 1693 2834 se
1710 2806 1867 2834 consondre
1883 2815 1952 2832 avec
1967 2806 2009 2832 les
2026 2806 2215 2832 nombreuses

1296 2955 1470 2990 Repetition.
1483 2954 1577 2980 pierre
1590 2953 1672 2980 Latro
1689 2953 1757 2979 e‘tait
1770 2961 1806 2978 un
1817 2952 1900 2978 noble
1917 2951 2048 2981 Romaiu,
2058 2952 2082 2976 le
2093 2951 2212 2977 chateau

1212 3006 1247 3031 de
1262 3004 1341 3031 Caere
1357 3004 1427 3030 ctait
1442 3003 1514 3028 dans
1526 3003 1550 3028 le
1565 3002 1681 3028 diocese
1697 3001 1732 3027 de
1751 3000 1846 3027 Porto.
