2455 3560
1076 333 1206 363 ALBIN
1226 332 1277 363 is.
2167 341 2219 371 120

168 399 331 438 Completa
346 400 431 438 [vero
444 401 452 421 ¹
467 409 485 429 a
499 399 705 438 p1·i1uiceri]is
718 400 892 439 antiphona
907 400 983 429 dicit
997 400 1133 429 domnus

169 460 248 490 papa
270 452 394 481 Oramus
418 455 447 481 et
470 452 618 490 ὀίω-,(001)
642 454 811 482 Flerlcirnus
832 462 931 490 (fruita
956 457 986 481 et
1011 454 1131 488 erate3

167 504 305 534 domnus
326 513 404 542 papa
422 504 498 534 dicit
517 505 694 534 orationem
716 505 754 534 de
776 505 918 535 collecta.
942 505 1045 534 Finita
1063 513 1133 533 ora-

170 557 253 587 tione
273 557 426 586 diaconus
449 557 527 587 dicit
554 558 751 587 Proretlamus
773 567 839 587 cum
866 568 950 595 pace,
977 563 1006 586 et
1028 557 1134 586 omnis

169 609 285 639 chorus
302 610 471 648 respondet
489 611 523 639 In
542 612 663 639 nornine
679 612 805 640 Christi.

210 661 283 701 [12]
316 662 406 692 Tunc
441 664 614 700 procedunt
640 664 809 702 ymagines
835 668 864 692 et
888 664 1026 693 domnus
1056 672 1133 701 papa

168 715 314 753 sequitur
334 716 579 754 processionem.
601 715 682 745 Cum
705 721 810 745 autem
831 717 953 745 venerit
972 716 1010 744 ad
1030 721 1133 754 portas

169 768 272 806 ipsius
293 768 425 798 ecclesie
442 770 528 798 exuit
551 769 705 807 planellos
726 774 757 798 et
777 769 872 798 nudis
892 769 1026 807 pedibus
1050 769 1135 797 vadit

168 830 240 851 cnm
258 821 475 851 cardinalibus
491 822 638 860 usquead
653 827 794 851 sanctam
811 823 944 851 Mariam
963 822 1132 859 majorem;

168 875 276 913 ibique
302 875 399 903 intrat
422 875 598 904 sacrarium
625 880 655 904 et
676 876 764 904 exuit
785 875 942 913 planetam
964 880 993 903 et
1016 875 1135 903 ablutis

168 927 300 966 pedibus
319 927 430 957 calciat
453 927 571 965 caligas
594 932 623 957 et
645 928 754 957 induit
780 928 937 966 planetam
956 932 986 956 et
1003 927 1134 956 aurifri-

167 981 279 1009 siatam
294 980 435 1010 mitram.
452 981 583 1009 Diaconi
597 980 775 1009 cardinales
789 985 818 1009 et
830 980 1017 1009 subdiaconi
1030 979 1134 1008 exutis

168 1032 306 1071 planetis
324 1033 467 1062 induunt
485 1033 670 1062 dalmaticas
687 1038 716 1062 et
733 1034 856 1062 tunicas
872 1037 900 1061 et
917 1033 959 1061 ita
974 1041 1045 1061 cnm
1064 1041 1134 1070 pro-

165 1086 308 1115 cessione
327 1086 449 1115 vadunt
463 1086 501 1115 ad
523 1086 622 1115 altare
645 1086 748 1124 majus
765 1089 872 1115 sancte
892 1086 989 1114 Marie
1007 1090 1036 1113 et
1051 1085 1132 1114 cele-

166 1139 276 1167 bratur
294 1139 389 1168 missa
404 1139 442 1168 de
463 1148 561 1168 more.

207 1191 282 1230 [15.]
301 1193 397 1222 Fama
418 1193 481 1222 1111
501 1202 529 1221 m
547 1201 703 1222 PniNCiPio
722 1192 790 1221 XL.

207 1245 356 1275 Domnns
383 1254 460 1284 papa
486 1246 569 1274 circa
593 1245 731 1274 mediam
762 1245 885 1274 tertiam
912 1245 1034 1283 equitat
1060 1254 1131 1273 cum

166 1299 322 1336 episcopis
344 1303 374 1328 et
395 1298 614 1327 cardinalibus
635 1298 673 1327 ad
695 1302 836 1327 sanctam
860 1298 1080 1333 Anastasiam,
1105 1302 1134 1326 et

167 1356 291 1389 recepta
317 1351 521 1389 processione
555 1361 572 1380 a
599 1351 725 1380 clericis
752 1351 852 1389 ipsius
879 1351 1010 1380 ecclesia
1038 1351 1134 1379 intrat

165 1405 341 1434 sacrarium
359 1409 388 1434 et
407 1405 514 1434 induit
530 1414 562 1434 se
579 1414 651 1434 cum
675 1405 895 1434 cardinalibus
912 1409 940 1433 et
956 1404 1030 1433 aliis
1047 1404 1132 1433 ordi-

166 1457 274 1487 nibus.
293 1458 425 1487 Interim
442 1463 548 1486 autem
567 1458 648 1487 cinis
665 1457 865 1487 benedicitur
878 1467 895 1486 a
908 1457 1029 1495 juniori
1050 1466 1133 1495 pres-

166 1511 266 1539 bitero
279 1510 448 1540 cardinali.
472 1511 596 1540 Deinde
612 1511 698 1540 vadit
716 1511 855 1540 domnus
878 1520 953 1549 papa
971 1520 1042 1539 cum
1064 1519 1133 1539 car-

164 1563 328 1593 dinalibus
350 1569 380 1593 et
400 1564 483 1593 scola
506 1569 671 1593 cantorum
696 1565 734 1593 ad
758 1564 864 1593 sedem
883 1569 950 1602 post
970 1563 1086 1599 altare,
1104 1567 1133 1592 et

164 1619 345 1652 presentato
368 1615 397 1643 ei
416 1615 544 1650 cinere,
568 1616 652 1653 prior
672 1616 892 1654 episcoporum
916 1615 1050 1653 imponit
1073 1615 1131 1644 sibi

163 1667 318 1702 cinerem,
337 1668 448 1697 dicens
468 1668 524 1697 boc
542 1668 637 1697 verba
657 1681 661 1697 :
685 1669 830 1698 Memento
850 1670 923 1706 qaia
945 1670 1048 1706 pulvis
1064 1678 1092 1697 es
1107 1673 1133 1697 et

165 1721 198 1749 in
209 1721 366 1758 pulverem
381 1722 552 1751 reverteris.
569 1722 775 1752 Postmodum
790 1731 865 1752 vero
877 1722 983 1760 ipsum
996 1722 1133 1760 imponit

163 1773 306 1803 cinerem
326 1773 494 1812 episcopis,
512 1775 745 1810 cardinalibus,
764 1779 792 1804 et
808 1775 880 1804 aliis
896 1775 1076 1805 ordinibus.

201 1827 326 1862 Quibus
342 1827 475 1866 expletis
493 1827 696 1865 primicerius
709 1838 781 1857 cum
799 1829 883 1858 scola
900 1834 1064 1858 cantorum
1079 1829 1132 1857 in-

160 1879 237 1917 cipit
273 1881 513 1917 responsorinm
553 1882 674 1918 Eoeurqe
707 1883 841 1912 Domine.
875 1882 943 1917 Quo
976 1882 1132 1920 completo

162 1931 301 1961 domnus
317 1941 395 1970 papa
409 1932 485 1962 dicit
498 1934 623 1962 Oremus
637 1939 667 1962 et
678 1934 831 1963 diaconus
847 1935 1017 1963 Flectanms
1032 1944 1131 1971 qratia

165 1988 195 2014 et
210 1984 294 2014 alius
312 1985 466 2015 diaconus
482 1987 597 2015 Lerate.
613 1987 702 2016 'l‘nnc
720 1986 858 2016 domnus
876 1996 952 2025 papa
968 1987 1045 2017 dicit
1060 1996 1131 2017 ora-

165 2039 281 2068 tionem
306 2038 344 2068 de
363 2038 505 2068 collecta.
531 2040 600 2075 Qua
618 2040 706 2069 finita
722 2040 832 2077 junior
852 2041 1007 2070 diaconus
1027 2041 1131 2070 cardi-

164 2091 246 2120 nalis
275 2092 353 2121 dicit
380 2093 582 2121 Proredamtts
604 2102 672 2122 ctrm
702 2102 793 2130 pare,
821 2099 850 2122 et
879 2094 985 2123 omnis
1017 2094 1132 2123 chorus

165 2145 332 2183 respondet
365 2146 401 2173 In
429 2146 551 2174 nomine
583 2147 709 2175 Christi.
742 2147 864 2175 Deinde
888 2147 1132 2184 precedentibus

164 2198 288 2228 cunctis
304 2198 335 2227 in
351 2198 463 2227 ordine
481 2207 537 2227 sno
550 2198 688 2228 domnus
705 2208 783 2237 papa
799 2200 892 2228 nudis
909 2199 1042 2237 pedibus
1058 2209 1129 2229 cnm

163 2249 341 2288 psalmodia
367 2251 512 2289 seqnitur
537 2252 772 2289 processionem
800 2261 900 2290 usque
925 2252 962 2281 ad
990 2258 1129 2282 sanctam

163 2303 327 2333 Sabinam.

203 2356 277 2396 [16]
300 2357 413 2395 Ibique
442 2357 538 2386 missa
565 2358 603 2387 de
631 2367 718 2388 more
742 2358 914 2393 celebrata,
940 2358 1130 2397 palafridum

161 2410 303 2440 ascendit
320 2415 350 2439 et
367 2411 560 2440 Lateranum
579 2412 761 2440 revertitur.

202 2462 276 2502 [13.]
303 2463 339 2492 ΙΝ
365 2465 650 2500 ANNUNTJATIONE,
681 2465 905 2494 ASSL'MPTIONE
931 2474 969 2494 ET
997 2465 1130 2494 NAT1V1-

161 2525 242 2545 TATE
257 2524 374 2545 smera
392 2516 511 2547 Manus.

203 2568 347 2597 Domnus
364 2578 442 2606 papa
458 2569 581 2607 equitat
596 2569 634 2598 ad
652 2574 793 2599 sanctam
815 2571 985 2599 Martinam
1004 2575 1034 2599 et
1049 2570 1130 2599 fiunt

161 2620 204 2649 ibi
221 2624 251 2649 et
269 2622 300 2649 in
321 2620 452 2650 ecclesia
469 2622 567 2651 sancti
586 2622 723 2651 Adriani
742 2623 851 2653 omnia
867 2624 948 2652 sicut
964 2623 996 2652 in
1015 2623 1130 2652 Purifi-

161 2673 295 2703 catione.

200 2725 276 2764 [23]
304 2726 400 2755 Fama
426 2726 452 2755 V
481 2735 510 2755 m
537 2727 621 2756 CENA
651 2727 770 2757 Domui
805 2737 975 2757 nascimini*
1007 2736 1129 2758 conaus

160 2787 235 2807 PAPA
272 2788 311 2808 Ao
349 2788 517 2808 ECCLESIAM
554 2788 663 2808 SANc'rt
700 2780 857 2810 JouANNis
889 2781 1129 2810 LATssaAM-:NSJS

162 2840 244 2861 nona
266 2831 322 2868 Vl,

158 2996 182 3022 l.
200 2995 327 3031 Supplee
341 2996 455 3031 d'apres
469 2996 605 3025 Cencius.

262 3057 350 3085 Lince
367 3057 510 3085 Cusum.
532 3073 566 3079 -
584 3059 623 3086 lt.

1299 404 1327 428 ct
1350 400 1429 429 facta
1451 403 1593 431 oratione
1610 408 1682 431 ante
1703 412 1813 431 crui-es
1834 405 1933 441 pergit
1955 406 1991 433 ad
2015 409 2215 437 secretarium

1256 451 1293 480 ad
1311 453 1476 482 (ecclesiam
1493 455 1590 483 sancti
1604 455 1724 483 'l'liome
1736 465 1806 483 curn
1821 456 1985 494 episcopis,
2003 458 2218 488 cardinalibus

1256 508 1286 533 et
1301 504 1372 533 aliis
1391 506 1576 542 ordinibus,
1599 507 1706 545 ibique
1723 513 1826 536 rantat
1850 518 1978 537 nonani.
2004 510 2123 539 Deinde
2145 520 2218 540 vero

1256 557 1360 586 induit
1373 568 1405 587 se
1420 560 1565 596 usquead
1579 559 1780 588 dalmaticam
1798 566 1825 588 et
1844 561 1981 589 influunt
1997 572 2027 589 se
2040 563 2216 592 cardinales

1256 610 1381 639 diaconi
1398 611 1587 646 dalinaticis,
1610 614 1772 650 presbiteri
1793 613 1927 650 planetis
1946 620 1974 643 ct
1993 615 2106 643 mitris.
2129 616 2217 644 'l'unc

1258 668 1455 701 presentatur
1470 665 1586 693 domno
1608 676 1682 703 pape
1698 675 1759 694 nna
1777 667 1916 703 ampulla
1935 677 2005 696 cnm
2025 668 2093 697 oleo
2109 678 2125 696 a
2143 669 2217 697 sub—

1257 716 1401 745 diaconis
1418 723 1446 744 ct
1465 716 1597 752 acolitis⁷
1611 723 1641 746 et
1658 719 1813 747 residente
1830 720 1894 756 ipso
1912 720 1940 747 in
1960 720 2032 749 sede
2049 730 2103 748 sna
2123 721 2218 749 mittit

1257 769 1434 798 balsamum
1463 770 1493 798 in
1518 770 1584 808 ipsa
1605 771 1744 808 ampulla
1766 776 1795 799 et
1820 772 1930 800 miscet
1954 772 2129 802 balsamum
2150 773 2218 803 oleo

1256 831 1327 849 cuin
1354 823 1545 860 quibusdan]
1571 822 1747 860 pt‘ilniarnin
1777 825 1976 853 ramusculis.
2010 826 2215 854 l‘ostniodnin

1256 881 1361 905 antem
1386 877 1549 913 reponitur
1565 876 1704 914 ampulla
1729 887 1822 914 super
1845 878 1940 906 altare
1961 880 2058 907 sancti
2082 879 2214 908 Tuomst.

1257 929 1327 964 Quo
1346 929 1425 957 sacto
1445 929 1550 957 induit
1566 938 1596 957 se
1617 930 1752 957 doninus
1775 930 1911 966 pontifex
1933 930 2055 967 planeta
2075 936 2103 959 et
2125 932 2216 959 initra

1257 981 1450 1009 aurifrisiata
1465 982 1674 1018 pergitqueatl
1688 991 1829 1015 nussam,
1844 983 2083 1019 pret-vdentilnis
2096 989 2213 1020 septem

1257 1034 1356 1063 cereis
1374 1034 1405 1062 in
1425 1034 1481 1062 Vll
1501 1033 1699 1062 candelabris
1720 1043 1790 1061 cuin
1812 1034 2026 1071 processione,
2046 1037 2125 1063 sicut
2140 1044 2216 1064 con-

1258 1090 1360 1114 suevit
1378 1086 1408 1114 in
1427 1085 1499 1114 aliis
1519 1086 1639 1114 festivis
1657 1085 1779 1115 diebus,

1298 1138 1371 1177 [et]
1393 1139 1553 1170 [nti-oium,
1573 1138 1682 1167 Gloria
1702 1139 1802 1176 Patri,
1825 1138 2038 1176 lx'yrieleison,
2056 1139 2164 1168 Gloria
2181 1139 2214 1168 in

1257 1191 1399 1225 excelsis,
1413 1192 1519 1220 omnia
1537 1192 1595 1219 ista
1609 1191 1763 1219 dit-antur.
1785 1192 1854 1220 Non
1873 1192 1997 1220 dicatur
2013 1192 2213 1229 symbolum:

1257 1245 1300 1273 ita
1324 1244 1458 1273 liabetur
1484 1244 1515 1272 in
1544 1244 1624 1272 libro
1651 1253 1727 1281 pape
1752 1244 1888 1278 Gelasii3
1917 1245 1970 1273 sed
1997 1253 2052 1272 nos
2079 1244 2216 1273 dicimus

1257 1297 1429 1326 simbolum
1456 1303 1580 1334 propter
1607 1298 1879 1325 consecrationem
1907 1297 2073 1325 crismatis.
2102 1297 2214 1326 Pacem

1256 1351 1340 1379 inter
1358 1358 1390 1379 se
1414 1358 1473 1379 non
1499 1349 1585 1378 dent.
1606 1351 1755 1377 Servetur
1780 1349 1818 1377 de
1842 1349 1966 1384 oblati&
1991 1350 2121 1385 sangnis
2144 1358 2216 1378 vero

1258 1404 1384 1442 penitus
1403 1407 1622 1432 consumatur.

1297 1457 1457 1486 Hireneus
1477 1468 1482 1484 z
1506 1468 1517 1481 (ι
1545 1456 1636 1484 Absit
1657 1461 1688 1483 nt
1710 1455 1909 1484 dissonantia
1934 1455 2002 1483 festi
2027 1455 2167 1483 raritatis
2188 1459 2217 1483 et

1256 1509 1391 1539 unitatis
1409 1509 1652 1538 consonantiam
1671 1513 1862 1545 corrumpat.
1884 1519 1895 1533 n
1910 1507 2026 1537 Omnia
2043 1508 2134 1544 signa
2152 1515 2217 1544 pro-

1246 1563 1381 1600 ductius
1398 1562 1488 1591 solito
1505 1561 1671 1599 pulsentur
1688 1561 1721 1589 in
1741 1561 1920 1589 classicum.
1941 1560 2092 1589 Cantatnr
2108 1560 2217 1588 Gloria

1257 1617 1289 1645 in
1323 1615 1456 1644 excelsis
1491 1615 1554 1643 Deo
1581 1615 1650 1642 sine
1676 1613 1811 1642 simbolo
1837 1617 1931 1650 atque
1956 1613 2079 1641 dicatur
2105 1614 2217 1649 Agnus

1257 1669 1313 1698 Dei
1332 1669 1450 1706 absque
1469 1667 1587 1697 osculo.

1295 1722 1428 1757 QUANDO
1455 1731 1492 1750 ET
1515 1732 1531 1749 A
1556 1729 1667 1754 Quiets
1688 1728 1845 1749 viotAi-Un
1868 1728 1990 1747 Amana
2009 1727 2115 1747 SANCTt
2137 1719 2215 1747 SAL-

1255 1783 1399 1805 vATonis.

1296 1829 1368 1857 Post
1384 1827 1633 1865 predicationem
1655 1833 1727 1854 vero
1745 1825 1856 1853 domni
1877 1833 1954 1862 pape
1968 1824 2093 1853 diaconi
2112 1824 2216 1853 cardi-

1255 1881 1342 1910 nales
1360 1880 1466 1909 levant
1483 1888 1626 1908 mensam
1644 1878 1682 1907 de
1698 1877 1790 1906 altari
1807 1881 1836 1905 et
1856 1877 1973 1905 nudato
1986 1876 2077 1905 altari
2095 1881 2218 1914 ponunt

1255 1942 1324 1962 eam
1345 1933 1378 1961 in
1396 1937 1515 1961 secreto
1532 1931 1610 1965 loco,
1628 1930 1876 1969 cooperiuntque
1889 1930 1992 1967 ipsum
2005 1929 2102 1958 altare
2120 1929 2217 1958 linteo

1254 1991 1283 2015 et
1298 1990 1365 2024 post
1381 1986 1509 2013 missam
1531 1993 1585 2022 per
1610 1983 1673 2012 1111
1695 1983 1830 2019 angulos
1851 1982 1931 2010 illud
1958 1981 2111 2019 sigillant.
2135 1981 2214 2011 Cum

1254 2044 1360 2068 autem
1383 2037 1514 2076 prefatio
1538 2037 1718 2072 inchoatur,
1745 2035 1864 2064 vadunt
1887 2035 2012 2063 diaconi
2039 2034 2217 2063 cardinales

1255 2102 1327 2122 cum
1354 2091 1558 2121 subdiaconis
1582 2095 1611 2118 et
1630 2089 1752 2119 acolitis
1775 2098 1829 2126 pro
1849 2088 1999 2126 ampullis
2020 2087 2217 2116 adducendis

1253 2146 1291 2174 ad
1310 2144 1580 2176 benedicendum,
1601 2142 1786 2180 precedente
1804 2150 1906 2172 cruce,
1927 2140 2089 2169 thuribulo
2104 2140 2219 2169 etduo-

1255 2199 1314 2227 bus
1339 2198 1448 2226 cereis.
1469 2196 1617 2225 Ceterum
1642 2200 1813 2232 antequam
1837 2193 1962 2221 dicatur
1986 2194 2039 2221 Per
2057 2202 2142 2229 quenz
2166 2193 2217 2221 hec

1254 2251 1370 2283 onmia,
1394 2250 1616 2283 lit1711i11e,etc.„
1638 2247 1775 2284 pontifex
1796 2245 1953 2274 benedicit
1970 2245 2073 2274 oleum
2092 2253 2149 2283 pro
2166 2245 2217 2273 in—

1255 2304 1375 2338 firmis,
1407 2303 1486 2331 sicut
1513 2302 1543 2330 in
1575 2300 1696 2330 Ordine
1720 2300 1913 2327 continetur.
1947 2298 2117 2335 Postquam
2144 2305 2217 2326 vero

1254 2357 1370 2385 dixerit
1387 2357 1450 2384 I’az
1471 2355 1592 2383 Domini
1614 2354 1652 2381 sit
1666 2361 1789 2389 -srmper
1813 2352 1960 2380 robii-cuin
1974 2375 1980 2384 ‚
2001 2351 2219 2379 communicat

1254 2409 1338 2439 solus
1356 2408 1494 2446 pontifex
1517 2412 1589 2436 ante
1615 2406 1713 2435 altare
1732 2409 1761 2433 et
1778 2404 1906 2433 diaconi
1932 2404 2122 2433 ‹,·onfirinant
2141 2411 2213 2432 euin

1253 2471 1325 2491 cum
1344 2461 1451 2497 calice,
1471 2460 1526 2489 illa
1551 2458 1771 2488 tantummodo
1794 2457 1855 2485 (lie.
1884 2456 2006 2484 Deinde
2029 2456 2116 2493 ponit
2137 2454 2216 2483 cali-

1253 2524 1320 2544 cem
1347 2523 1441 2552 super
1463 2513 1561 2542 altare
1584 2516 1614 2541 et
1637 2516 1782 2549 patenam
1806 2510 1897 2548 juxta
1915 2518 2000 2543 enm,
2018 2513 2048 2536 et
2065 2508 2216 2536 continuo

1253 2567 1393 2605 cooperit
1415 2570 1587 2604 utrumque
1604 2565 1641 2593 de
1660 2564 1795 2593 sindone
1819 2562 1939 2591 munda
1966 2566 2033 2599 post
2053 2559 2215 2598 corporale

1252 2629 1438 2658 expansum.
1459 2619 1636 2656 Statimque
1658 2617 1720 2646 dno
1740 2615 1847 2645 acoliti
1866 2619 1974 2643 tenent
1989 2613 2148 2651 ampullas
2166 2613 2215 2641 in-

1253 2673 1375 2703 volutas
1396 2681 1469 2701 cum
1489 2672 1623 2700 sindone
1648 2669 1718 2698 alba
1737 2669 1837 2698 serica
1862 2668 1893 2696 in
1920 2667 2050 2695 sinistro
2075 2665 2216 2700 brachio,

1251 2727 1293 2755 ita
1311 2730 1344 2755 ut
1361 2724 1463 2754 videri
1480 2724 1601 2762 possint
1618 2732 1635 2752 a
1651 2722 1766 2751 medio.
1786 2721 1822 2749 Et
1842 2720 1975 2749 veniens
1994 2727 2078 2747 unns
2093 2718 2131 2747 de
2146 2717 2216 2746 dia-

1252 2778 1385 2808 conibus
1409 2777 1525 2816 accipit
1550 2784 1647 2805 unam
1671 2773 1846 2812 ampullam
1870 2772 2012 2802 balsamo
2036 2771 2167 2799 mixtam
2187 2775 2218 2799 et

1252 2836 1353 2870 portat
1371 2830 1610 2864 archidiacono,
1628 2832 1658 2857 et
1676 2827 1730 2856 ille
1743 2826 1844 2856 defert
1860 2824 2002 2864 pontifici
2018 2828 2092 2852 ante
2105 2823 2214 2852 altare.

1251 2885 1340 2914 Tunc
1357 2883 1498 2922 pontifex
1515 2882 1689 2920 respiciens
1700 2881 1739 2909 ad
1754 2880 1925 2914 orientem,
1939 2877 2073 2906 diacono
2091 2879 2216 2905 tenente

1250 2936 1426 2975 ampullam
1445 2940 1519 2964 ante
1542 2935 1647 2973 ipsum
1670 2933 1704 2962 in
1729 2932 1860 2962 sinistro
1884 2929 2016 2959 brachio
2037 2927 2213 2957 involutam

1253 2991 1291 3020 de
1307 2989 1455 3025 sindone,
1471 2987 1556 3017 halet
1573 2991 1619 3016 ter
1637 2987 1668 3015 in
1686 2984 1860 3024 ampullam
1882 2989 1915 3012 ut
1934 2984 2030 3012 intret
2052 2982 2086 3010 in
2102 2989 2214 3010 conse-

2045 3048 2076 3074 17
