2465 3582
246 362 284 392 46
789 357 839 386 LE
862 356 1007 386 LIBER
1029 355 1263 385 CENSUUM
1286 354 1340 384 DE
1364 349 1550 384 L'EGLISE
1573 353 1783 384 ROMAINE.

288 427 421 465 scriptor
444 430 472 455 et
493 429 594 454 rector
616 423 748 453 ecclesie
769 422 870 451 sancti
894 421 1001 459 Egidii
1019 426 1105 451 extra
1122 424 1241 459 portam

289 479 496 512 111-1113113111,
518 477 646 506 nomine
662 475 744 504 dicte
763 474 895 504 ecclesie
911 479 941 503 et
955 482 1010 512 pro
1026 483 1061 503 ea
1078 478 1118 507 et,
1137 477 1170 503 ut
1187 472 1242 502 ad-

288 532 400 565 seruit,
417 530 453 559 de
471 529 620 558 mandato
636 527 779 566 ejusdem
798 526 920 555 domini
938 535 1015 564 pape
1029 526 1058 555 ei
1077 526 1167 559 sacto,
1186 533 1242 553 sua

288 588 461 623 spontanea
478 583 639 612 voluntate
657 580 811 616 vendidit,
830 580 916 609 dedit
931 585 961 610 et
975 580 1129 609 concessit
1146 587 1242 608 vene-

288 637 382 666 rabili
400 637 467 665 viro
484 635 611 665 domino
632 633 771 663 Berardo
791 633 925 671 plebano
943 632 1040 671 plebis
1056 632 1093 661 de
1112 631 1243 660 Faveria

288 690 411 720 domini
424 698 501 728 pape
514 687 754 717 camerario.....
769 686 800 715 id
813 691 858 716 est
871 691 932 715 tres
948 686 1048 724 pecias
1062 686 1241 719 vinearum,

290 749 371 773 terre
390 746 524 776 tantum,
547 741 579 769 in
596 748 659 778 qua
674 739 785 769 habuit
800 740 879 768 vites
895 743 924 768 et
938 739 1064 768 arbores
1081 739 1244 767 Romanus

288 795 447 826 Johanuis
460 793 622 824 Ventrocii
638 793 676 822 de
690 793 817 830 regione
833 791 1112 821 Scorteclariorum
1127 795 1244 828 etquas

288 858 391 887 nuper
410 848 495 877 idem
515 848 680 876 Romanus
701 845 739 875 de
757 845 930 881 voluntate,
952 844 1099 874 mandato
1121 848 1150 873 et
1166 852 1243 873 con-

289 911 384 932 sensu
402 901 477 930 dicti
498 899 644 938 magistri
665 898 791 928 Nicolai
812 898 975 928 nominato
991 897 1122 927 domino
1138 905 1243 926 came-

288 955 372 985 rario
385 962 440 993 pro
456 953 600 983 Romana
614 951 746 982 ecclesia
762 951 915 985 vendidit,
935 955 968 980 ut
983 952 1016 979 in
1032 951 1245 979 instrumento

287 1008 390 1047 ipsius
407 1006 603 1036 venditionis
619 1006 732 1043 scripto
748 1013 803 1043 per
818 1013 868 1033 me
884 1005 1020 1033 eundem
1038 1002 1242 1032 scriniarium

288 1060 453 1091 evidenter
467 1063 607 1098 apparet,
625 1067 697 1088 curn
709 1066 828 1094 vassen,
842 1056 975 1086 vasscali
992 1059 1021 1086 et
1036 1060 1122 1094 tyno,
1140 1055 1243 1085 omni-

287 1115 411 1152 busque
420 1113 486 1143 suis
495 1111 672 1142 accessibus
681 1110 908 1150 etegressibus,
920 1109 1042 1145 usibus,
1051 1108 1245 1138 utilitatibus

289 1170 318 1196 et
333 1163 552 1204 pertinentiis,
569 1172 704 1202 quarum
720 1162 804 1191 idem
821 1161 966 1191 venditor
983 1161 1064 1190 dixit
1081 1169 1148 1190 esse
1167 1160 1245 1189 tales

288 1220 381 1249 fines.
398 1219 448 1248 Ab
463 1226 529 1248 uno
540 1217 638 1247 latere
653 1217 704 1246 via
717 1215 873 1251 vicinalis,
890 1215 929 1244 ab
944 1214 1007 1244 alio
1020 1214 1152 1244 heredes
1166 1214 1243 1244 olim

287 1272 448 1304 Johannis
465 1270 648 1309 Magalocti‚
671 1269 710 1299 ab
727 1268 791 1299 alio
807 1267 988 1297 Thebaidos
1004 1267 1195 1303 Ternacius,
1215 1271 1245 1296 et

288 1326 328 1356 ab
348 1325 411 1355 alio
426 1325 541 1354 Petrus
559 1323 708 1359 Deodati;
733 1322 771 1352 ad
789 1322 973 1351 babendum
979 1343 1035 1350 .....
1046 1345 1051 1358 ,
1074 1330 1129 1359 pro
1148 1321 1245 1358 pretio

290 1378 524 1419 quinquaginta
546 1377 688 1416 quinque
707 1376 860 1405 librarum
880 1375 1036 1404 bonorum
1060 1374 1244 1412 provesino-

289 1442 362 1463 rum
382 1436 520 1461 senatus.
544 1430 590 1460 De
610 1438 672 1468 quo
690 1429 788 1467 pretio
792 1450 851 1458 .....
874 1428 911 1457 Et
933 1428 959 1457 si
984 1428 1061 1457 forte
1083 1426 1154 1466 plus
1175 1436 1245 1465 pre-

289 1487 372 1516 dicta
389 1485 470 1515 dicto
487 1484 586 1522 pretio
602 1483 755 1517 valerent,
772 1481 852 1510 illud
870 1481 939 1519 plus
957 1480 1087 1510 donavit
1102 1485 1132 1509 et
1147 1480 1244 1509 remi-

288 1540 328 1569 sit
352 1539 484 1568 domino
510 1536 684 1566 camerario
711 1543 765 1573 pro
788 1534 919 1564 domino
948 1543 1024 1572 papa
1046 1537 1075 1562 et
1101 1534 1245 1563 Romana

289 1592 421 1622 ecclesia
437 1599 491 1629 pro
503 1589 680 1619 reverentia
696 1593 725 1617 et
736 1587 900 1617 devotione
914 1595 1009 1625 quam
1023 1587 1103 1624 gerit
1115 1587 1153 1616 ad
1170 1595 1244 1616 eum

289 1650 319 1675 et
337 1653 390 1684 pro
407 1652 443 1673 eo
458 1642 542 1681 quod
557 1646 662 1680 sperat
677 1646 706 1670 et
718 1640 817 1670 credit
829 1640 911 1678 quod
928 1639 1078 1669 dominus
1097 1648 1174 1678 papa
1190 1639 1244 1669 be-

289 1698 425 1728 nefaciat
441 1697 523 1726 dicte
539 1695 669 1725 ecclesie
687 1703 753 1724 sue.
775 1693 974 1723 Promictens
992 1702 1118 1732 quoque
1123 1715 1183 1723 .....

328 1752 445 1780 Actum
461 1749 494 1778 in
511 1757 637 1779 camera
657 1747 732 1777 dicti
751 1746 872 1776 domini
888 1746 1071 1781 camerarii,
1093 1746 1125 1775 in
1145 1746 1242 1783 Urbe,

288 1804 370 1843 apud
390 1803 553 1833 basilicam
572 1802 652 1831 beati
671 1800 773 1836 Petri,
793 1808 897 1830 coram
919 1800 1070 1837 magistro
1089 1799 1189 1829 Panlo
1207 1799 1245 1829 de

289 1859 402 1891 Reate,
424 1855 626 1886 Secundiano
646 1853 805 1883 familiare
827 1853 901 1882 dicti
925 1852 1048 1882 domini
1065 1852 1244 1888 camerarii,

288 1912 381 1941 Petro
399 1910 497 1945 Busa,
514 1907 638 1945 Angelo
653 1907 805 1940 Venture,
823 1905 983 1944 Stephano
999 1906 1085 1935 Petri
1104 1905 1243 1942 Roberti,

288 1964 381 1994 Petro
393 1962 552 1992 Johannis
565 1960 684 1996 Grassi,
703 1959 914 1988 familiaribus
932 1958 1056 1988 domini
1072 1967 1165 1996 pape,
1184 1959 1244 1988 Pe-

289 2016 390 2046 trucio
409 2014 553 2052 Hongari
572 2017 601 2043 et
621 2012 838 2042 Tliebalducio
859 2015 1034 2048 muratore,
1059 2011 1188 2041 testibus
1206 2011 1245 2040 ad

287 2069 347 2100 hec
363 2068 541 2108 specialiter
559 2067 676 2096 vocatis
695 2070 723 2095 et
742 2065 867 2103 rogatis.

327 2123 392 2160 Ego
409 2121 654 2160 Stephanus.....

730 2234 759 2264 5.

347 2338 409 2367 1111
443 2337 573 2367 nomine
606 2335 757 2370 Domini,
791 2343 875 2364 anno
907 2334 1040 2364 Domini
1072 2334 1245 2364 millesimo

286 2390 563 2425 CC⁰LXXVIIII⁰,
588 2393 725 2426 tempore
750 2387 873 2417 domini
897 2387 1022 2417 Nicolai
1048 2387 1131 2416 tertii
1155 2396 1244 2426 pape,

285 2444 338 2474 die
360 2444 407 2473 XI
430 2442 552 2472 mensis
574 2441 685 2480 aprilis
703 2441 775 2469 VlIe
790 2440 976 2470 indictionis
980 2463 1040 2469 .....
1062 2440 1245 2470 Leontii-dns

285 2496 495 2531 Castellanus,
515 2500 660 2533 presente
676 2499 705 2523 et
723 2493 944 2523 consensiente
962 2493 994 2522 in
1014 2493 1077 2522 hiis
1095 2493 1245 2523 omnibus

286 2551 315 2579 ei
340 2549 471 2579 Andrea
495 2548 561 2578 filio
588 2547 749 2586 quondam
776 2547 913 2576 Romani
939 2546 1111 2576 Castellani
1139 2546 1245 2575 fratris

286 2603 429 2642 ejusdem
447 2601 616 2637 Leonardi,
632 2604 804 2638 spontanea
816 2599 977 2629 voluntate
989 2599 1143 2635 vendidit,
1158 2599 1245 2628 dedit

286 2660 317 2685 et
340 2654 496 2685 concessit
518 2653 693 2683 venerabili
717 2653 783 2682 viro
805 2652 935 2682 domino
954 2652 1093 2681 Berardo
1112 2651 1244 2690 plebano

282 2835 307 2861 1.
329 2835 354 2860 11
375 2834 443 2859 avril
462 2833 538 2859 1279.
551 2847 582 2851 —
594 2832 722 2858 Leonard
736 2831 894 2857 Castellann
908 2830 979 2856 vend
992 2839 1025 2856 311
1044 2831 1135 2856 meme
1151 2832 1244 2856 canie-

247 2882 302 2909 rit-1·
318 2890 373 2907 11110
389 2881 561 2915 demi-piece
576 2880 610 2906 de
625 2879 708 2913 vigne
724 2880 815 2905 situee
834 2880 900 2905 hors
917 2879 940 2904 la
954 2883 1034 2913 porte
1046 2878 1196 2909 Vin-ittarta,
1209 2887 1243 2904 au

247 2935 325 2957 mont
349 2929 512 2959 Geretulns,
530 2937 599 2954 avec
620 2929 643 2954 le
663 2931 881 2954 consentemcnt
897 2927 931 2952 de
952 2936 1003 2953 son
1022 2935 1127 2957 neven,
1146 2927 1244 2953 Andre

245 2979 415 3006 Castellano.
436 2992 470 2998 -
494 2978 508 3004 7
531 2978 594 3003 mai.
618 2977 799 3003 thtiticatiou
823 2984 872 3010 par
893 2976 932 3001 les
954 2977 1008 3008 fils,
1027 2976 1067 3001 los
1084 2976 1152 3002 brus
1172 2980 1199 3002 et
1221 2976 1244 3001 la

245 3029 349 3055 semme
365 3028 400 3053 1111
420 3027 556 3053 vendeuv.

1365 419 1467 458 plebis
1484 420 1522 449 de
1541 420 1673 449 Faveria
1690 419 1814 449 domini
1835 428 1911 457 pape
1926 419 2112 456 camerario,
2210 418 2325 448 videli-

1365 476 1413 501 cet
1429 472 1597 502 dimidiam
1615 472 1732 511 petiam
1748 472 1860 509 vinee,
1884 476 1965 501 terre
1977 496 1984 508 ,
2002 471 2103 501 vitum
2125 475 2154 501 et
2173 472 2324 502 arborum

1365 524 1449 554 infra
1466 534 1514 560 se,
1533 529 1653 563 quanta
1669 530 1716 555 est
1730 524 1801 563 plus
1821 524 1871 554 vel
1888 524 2013 560 minus,
2033 525 2133 562 posita
2153 528 2239 554 extra
2254 533 2325 563 por-

1366 583 1429 608 tam
1455 579 1652 608 Viridariam
1677 578 1711 607 in
1737 583 1846 608 monte
1868 577 2060 615 Gheretulo,
2085 587 2221 617 quarum
2246 578 2327 607 dixit

1365 641 1434 662 esse
1451 631 1527 661 tates
1544 632 1635 661 fines.
1656 632 1705 661 Ab
1727 640 1793 661 uno
1811 632 1909 661 latere
1936 635 2021 661 tenet
2043 631 2146 661 dictus
2167 630 2324 665 Andreas,

1365 685 1405 714 ab
1421 685 1483 714 alio
1500 690 1546 714 est
1567 684 1692 714 viculus
1717 684 1879 721 vicinalis,
1900 688 1930 714 et
1946 684 1986 714 ab
2006 683 2068 714 alio
2088 688 2174 714 tenet
2194 683 2327 714 ecclesia

1366 737 1468 767 sancti
1487 737 1611 767 Nicolai
1632 737 1670 767 de
1689 737 1844 769 Mellinis,
1864 737 1903 767 ad
1919 736 2102 767 habendum
2109 759 2169 766 .....
2182 745 2237 775 pro
2254 745 2325 775 pre-

1367 790 1409 820 tio
1424 790 1533 820 decem
1554 790 1708 820 librarum
1726 790 1993 829 provesinorum;
2015 789 2101 829 quod
2122 789 2258 828 pretium
2264 811 2325 819 .....

1366 844 1416 874 Α11
1439 844 1497 874 hec
1521 844 1669 874 Matheus
1692 844 1853 874 Johannis
1876 844 2014 883 Gaytani
2034 843 2073 874 de
2092 843 2223 881 regione
2245 844 2326 873 Are-

1366 897 1453 932 nule,
1469 901 1581 934 rogatu
1597 902 1627 927 et
1643 897 1789 935 precibus
1804 897 1879 926 dicti
1896 896 2053 927 Leonardi
2067 895 2241 926 Castellani
2255 904 2326 925 ven-

1366 950 1480 980 ditoris
1497 950 1641 989 fidejuxit
1646 972 1706 980 .....

1406 1004 1522 1033 Actum
1541 1003 1654 1040 Rome,
1673 1003 1705 1033 in
1724 1002 1790 1033 sala
1807 1002 1913 1042 palatii
1926 1002 2001 1032 dicti
2016 1002 2140 1032 domini
2157 1001 2327 1032 camerarii

1365 1057 1449 1095 apud
1476 1056 1642 1087 basilicam
1668 1057 1752 1086 beati
1780 1056 1884 1091 Petri,
1914 1055 2117 1095 presentibus
2144 1055 2327 1094 presbytero

1366 1110 1480 1148 Egidio
1496 1114 1525 1140 et
1543 1109 1716 1147 Magalocto
1735 1109 1860 1139 clericis
1878 1108 2010 1139 ecclesie
2027 1109 2127 1138 sancti
2146 1107 2325 1144 Vincentii,

1365 1163 1515 1193 Johanne
1534 1162 1627 1192 Pauli
1645 1162 1776 1198 Mathei,
1794 1162 1889 1191 Petro
1906 1162 1995 1191 Busa
2011 1166 2041 1190 et
2056 1161 2168 1199 Egidio
2185 1160 2328 1191 Oddonis

1367 1216 1456 1252 Pice,
1476 1216 1609 1246 testibus
1622 1215 1661 1245 ad
1679 1215 1736 1244 bec
1753 1214 1934 1253 specialiter
1951 1213 2068 1244 vocatis
2085 1218 2115 1243 et
2130 1214 2259 1252 rogatis.

1406 1269 1525 1299 Eodem
1538 1277 1624 1298 anno
1640 1273 1670 1298 et
1687 1268 1874 1304 indictione,
1893 1267 1944 1296 die
1963 1267 2035 1296 VII⁰
2048 1267 2138 1304 maii,
2156 1275 2262 1296 coram
2277 1275 2327 1296 me

1367 1321 1528 1360 Stephano
1553 1321 1723 1351 scriniario
1749 1325 1779 1351 et
1806 1320 1869 1350 hiis
1896 1320 2026 1350 testibus
2052 1319 2264 1358 infrascriptis
2289 1319 2328 1349 ad

1366 1374 1424 1404 hec
1441 1373 1621 1413 specialiter
1637 1374 1754 1403 vocatis
1769 1377 1798 1402 et
1811 1373 1941 1410 rogatis,
1958 1372 2201 1403 Bartholomeus
2219 1376 2249 1402 et
2265 1372 2327 1402 Ro-

1365 1427 1525 1457 manellus
1547 1427 1607 1456 filii
1630 1426 1706 1456 dicti
1728 1426 1888 1456 Leonardi
1907 1425 2083 1456 Castellani
2099 1425 2274 1456 venditoris
2299 1429 2329 1455 et

1366 1479 1553 1510 Constantia
1577 1488 1657 1509 uxor
1679 1479 1780 1518 ipsius
1804 1478 2021 1508 Bartholomei
2044 1483 2074 1508 et
2095 1480 2228 1516 Angues
2251 1486 2328 1508 uxor

1366 1533 1441 1563 dicti
1458 1532 1639 1563 Romanelli
1663 1537 1693 1561 et
1713 1532 1846 1562 domina
1862 1532 2034 1569 Margarita
2058 1539 2135 1561 uxor
2155 1531 2230 1560 dicti
2249 1531 2327 1560 Leo-

1366 1586 1472 1624 nardi,
1486 1595 1598 1617 omnes
1615 1585 1713 1615 simul
1727 1590 1757 1615 et
1770 1584 1907 1624 quilibet
1919 1594 2028 1615 eorum
2043 1585 2076 1614 in
2092 1584 2242 1621 solidum,
2259 1593 2327 1614 cer-

1368 1640 1472 1670 tiorati
1488 1639 1527 1669 de
1541 1638 1757 1669 omnibus.....

1407 1695 1524 1723 Actum
1540 1697 1613 1722 ante
1628 1692 1759 1722 domum
1776 1691 1851 1722 dicti
1867 1692 2025 1721 Leonardi
2042 1697 2073 1721 et
2088 1691 2240 1728 filiorum,
2258 1699 2328 1729 pre-

1367 1745 1512 1776 sentibus
1537 1745 1631 1775 Petro
1659 1745 1777 1781 Bussa,
1804 1744 1971 1774 Francisco
1997 1744 2158 1774 Johannis
2182 1744 2273 1774 Necti
2299 1748 2330 1774 et

1368 1799 1586 1829 Bai-thellucio
1606 1799 1715 1836 Longo
1739 1798 1815 1828 olim
1835 1798 1875 1837 (‘?)
1895 1798 1934 1828 de
1952 1798 2110 1833 viterbio,
2137 1797 2270 1828 testibus
2290 1797 2330 1826 ad

1368 1853 1426 1883 hoc
1443 1852 1622 1891 specialiter
1637 1851 1756 1882 vocatis
1772 1856 1802 1881 et
1818 1852 1944 1889 rogatis.

1408 1907 1473 1944 Ego
1490 1906 1738 1945 Stephanus.....

1814 2019 1842 2047 6.

1407 2121 1468 2150 In¹
1493 2120 1625 2150 nomine
1653 2119 1785 2149 Domini
1792 2142 1852 2148 .....
1878 2118 2025 2148 Andreas
2052 2118 2140 2148 filius
2168 2118 2330 2158 quondam

1367 2173 1440 2203 dam
1467 2173 1608 2203 Romani
1632 2171 1820 2207 Castellani,
1845 2171 1948 2201 dictus
1972 2171 2132 2206 Durnlus‚
2158 2175 2331 2210 spontanea

1367 2226 1530 2257 voluntate
1549 2226 1646 2260 dedit,
1666 2225 1809 2255 vendidit
1833 2228 1863 2255 et
1885 2225 2040 2255 concessit
2062 2223 2239 2254 venerabili
2262 2225 2331 2255 viro

1367 2280 1500 2310 domino
1525 2279 1663 2309 Berardo
1688 2279 1823 2317 plebano
1849 2277 1950 2317 plebis
1979 2277 2018 2308 de
2045 2277 2175 2307 Faveria
2204 2277 2331 2308 domini

1367 2343 1445 2373 pape
1470 2333 1646 2363 camerario
1652 2356 1712 2362 .....
1734 2332 1883 2362 videlicet
1909 2341 2005 2361 unam
2032 2331 2150 2370 petiam
2173 2331 2268 2361 vinee
2291 2331 2331 2361 ad

1366 2387 1602 2426 proprietatem,
1625 2395 1698 2416 011111
1722 2390 1819 2422 terra,
1838 2385 1955 2415 vitibus
1974 2389 2004 2415 et
2025 2385 2191 2415 arboribus
2209 2384 2280 2423 plus
2301 2389 2332 2414 et

1365 2440 1475 2470 minus
1500 2443 1620 2478 quanta
1642 2443 1703 2476 est,
1723 2439 1858 2477 positam
1880 2442 1967 2468 extra
1992 2441 2113 2477 portam
2135 2437 2330 2468 Viridariam

1365 2493 1399 2522 in
1420 2497 1527 2522 monte
1546 2492 1707 2528 Geretulo,
1725 2492 1816 2530 cujus
1834 2491 1913 2520 dixit
1929 2490 2004 2521 tales
2021 2499 2089 2521 esse
2105 2490 2259 2521 confines.
2280 2490 2331 2520 Ab

1367 2554 1430 2575 uno
1448 2545 1544 2575 latere
1565 2549 1649 2575 tenet
1670 2545 1805 2583 ipsemet
1825 2545 1983 2580 venditor,
1999 2544 2039 2573 ab
2054 2543 2118 2574 alio
2134 2543 2195 2573 fuit
2210 2543 2330 2573 vicolns

1365 2598 1516 2629 vicinalis
1532 2603 1561 2628 et
1575 2598 1614 2628 ab
1633 2597 1697 2628 alio
1713 2598 1796 2628 dicta
1811 2597 1945 2627 ecclesia
1962 2597 2119 2634 Romana,
2136 2597 2231 2626 vinea
2244 2597 2329 2633 Qua-

1366 2652 1487 2688 dracii;
1521 2651 1559 2681 ad
1585 2651 1770 2681 habendum
1776 2674 1836 2681 .....
1862 2659 1916 2689 pro
1943 2650 2041 2689 pretio
2067 2650 2145 2680 XVI
2172 2649 2330 2679 librarum

1366 2705 1623 2744 provesinorum.
1643 2705 1733 2741 Quod
1751 2705 1954 2743 pretium.....

1405 2760 1522 2792 Actum
1540 2759 1641 2788 Rome
1660 2758 1693 2787 iu
1714 2757 1781 2787 sala
1799 2757 1907 2796 palatii
1924 2757 2000 2787 dicti
2017 2757 2139 2786 domini
2160 2755 2330 2786 camerarii

1366 2931 1388 2958 1.
1412 2930 1505 2956 Μέ1110
1525 2931 1599 2957 date.
1623 2946 1656 2951 —
1679 2931 1777 2956 Andre
1801 2930 1975 2963 Castettano,
2003 2930 2169 2956 surnomme
2194 2929 2329 2959 Durutus‚

1326 2980 1399 3005 vend
1416 2988 1451 3005 au
1469 2981 1561 3006 meme
1576 2980 1714 3005 03111ρι101-
1727 2987 1782 3005 une
1799 2979 1878 3014 piece
1894 2979 1928 3004 de
1945 2979 2029 3012 vigne
2045 2977 2190 3009 311111ἑ1110
2206 2975 2327 3002 endroit.

1325 3042 1361 3047 —
1377 3028 1391 3054 3
1408 3028 1473 3055 mai.
1491 3028 1671 3054 Ratification
1686 3028 1775 3062 paria
1792 3028 1896 3053 femme
1913 3027 1948 3052 du
1967 3026 2104 3052 vendeur.
