2465 3582
250 347 287 377 36
790 347 841 376 LE
863 347 1006 376 LIBER
1029 346 1261 376 CENSUUM
1284 346 1338 375 DE
1361 335 1546 376 L‘E'JGLISE
1569 346 1778 377 ROMAlNE.

291 414 355 443 citu
375 421 545 450 congressu
567 412 778 442 audacissimo
801 417 1014 451 peremerunt.
1036 413 1171 442 Demnm
1188 421 1243 451 po-

294 465 390 495 tentie
409 474 464 495 sue
488 465 569 494 vires
585 465 784 500 examinans,
803 466 895 502 regni
911 465 1032 504 Sicylie
1047 474 1082 494 ac
1101 465 1242 494 diversa—

292 528 362 547 rum
394 518 559 547 nationum
590 517 797 547 multitudine
830 523 1020 555 congregata
1051 523 1080 547 et
1117 519 1241 547 frenum

291 571 390 600 furori
412 570 572 605 relaxans,
590 570 763 609 Campanie
784 570 863 600 fines
879 571 1076 609 aggreditur,
1096 571 1242 600 extermi-

291 624 381 653 nium
400 623 520 661 patrie¹
537 624 759 653 comminatur.
782 624 849 659 Que
872 624 933 653 fide
954 624 1106 662 preclara,
1125 623 1241 653 nobili-

293 681 352 706 tate
382 676 557 714 perspicua,
588 676 708 705 divitiis
740 676 905 715 opulenta,
935 676 1017 706 clero
1049 676 1240 715 spectabilis,

290 729 404 758 militia
421 729 569 764 strenuis,
587 729 774 758 liberalitate
791 729 904 765 dotata,
920 735 1043 768 patrum
1061 729 1241 768 relinquere

290 781 375 819 leges
392 790 453 811 non
471 782 580 820 potuit,
599 782 824 820 prescriptione
842 783 915 812 fidei
933 787 963 812 et
980 783 1156 812 devotionis
1172 782 1239 811 sin-

1365 412 1531 450 gularitate
1554 413 1691 451 probata.
1715 413 1815 452 Cujus
1837 414 2003 444 immobile
2024 415 2098 444 fidei
2123 416 2320 446 fundamen-

1366 470 1444 499 tum,
1465 465 1597 504 antiqua
1619 471 1743 505 patrum
1761 467 1917 497 soliditate
1934 467 2111 504 firmatum,
2130 469 2251 499 nullius
2269 469 2321 499 evi

1365 518 1542 548 turbatione
1560 525 1772 555 commotum,
1792 528 1854 550 non
1878 520 1992 550 callide
2013 521 2089 550 artis
2109 522 2238 557 astutia,
2256 530 2323 553 non

1363 571 1432 600 auri
1459 570 1611 608 fulgentis
1636 572 1750 602 infesta
1775 573 1960 611 promissio,
1992 582 2055 604 non
2085 573 2214 603 hostiles
2236 574 2322 604 irru-

1364 625 1455 661 pere¹
1471 629 1613 654 conatus
1628 625 1753 661 Quibus
1765 634 1928 656 armorum
1941 631 1970 656 et
1986 626 2061 657 fidei
2075 626 2171 656 tutela
2186 627 2323 657 munitis
2339 647 2342 650 >

1362 676 1491 715 aliquod
1514 677 1653 707 Ecclesia
1675 682 1832 717 prestante
1856 679 2047 715 subsidium,
2070 679 2167 709 Cesar
2188 680 2323 718 patriam

1362 730 1550 768 relinquens
1574 731 1724 761 intactam
1748 732 1832 762 vires
1853 732 1992 762 hostium
2015 733 2158 763 concitus
2178 732 2325 763 declina-

1361 783 1415 820 vit,
1435 788 1582 814 nutantes
1600 785 1743 815 Marchie
1758 785 1842 816 filios
1858 785 2027 824 petiturus.

249 949 285 982 6ο
311 946 533 994 Disputatio
561 947 787 983 Latinorum
818 949 879 992 [et]
911 947 1118 983 Grecorzlm
1149 950 1314 992 (cahiers
1340 950 1473 990 36-38,
1507 951 1531 984 f.
1564 951 1738 985 289-304.

318 1100 447 1134 Rapport
463 1102 594 1133 presente
606 1109 641 1126 au
660 1109 728 1135 pape
745 1100 881 1133 Gre'goire
896 1100 939 1126 lx
955 1110 1004 1135 par
1020 1101 1093 1127 deux
1111 1101 1239 1127 Domini-

283 1149 363 1174 cains
389 1153 415 1174 et
443 1149 516 1174 deux
545 1149 744 1175 Franciscains
771 1152 896 1183 envoyes
925 1158 973 1183 par
999 1150 1037 1175 lui
1060 1158 1094 1176 en
1123 1150 1199 1182 1233,
1225 1151 1240 1176 a

282 1197 380 1228 Nicee,
409 1205 479 1231 pour
503 1198 630 1224 discuter
653 1206 721 1224 avec
745 1198 768 1223 le
796 1199 954 1232 patriarche
980 1198 1111 1233 byzantin
1136 1202 1163 1224 et
1187 1207 1238 1225 son

283 1246 378 1279 clei-ge
406 1255 456 1271 sur
480 1246 520 1272 les
550 1247 699 1280 questions
728 1247 776 1281 qui
805 1247 966 1280 s'agitaient
993 1251 1072 1273 entre
1097 1247 1187 1274 Grecs
1213 1252 1241 1274 et

283 1294 389 1320 Latins.
404 1293 442 1320 Ce
454 1299 541 1327 texte,
555 1295 698 1328 plusieurs
714 1295 768 1321 fois
782 1296 876 1329 publie
893 1296 976 1321 d’une
993 1296 1116 1322 maniere
1133 1297 1241 1322 incom-

283 1344 366 1377 plete‚
388 1343 477 1377 figure
499 1346 527 1369 in
550 1347 655 1370 estensi)
676 1344 746 1370 dans
769 1345 793 1370 la
816 1345 964 1370 collection
986 1345 1037 1371 des
1060 1346 1185 1371 concites
1206 1345 1240 1371 de

281 1392 387 1424 Mansi,
409 1397 429 1419 t.
448 1392 566 1426 XXIII,
591 1402 616 1427 p.
634 1394 762 1420 279-319.
785 1393 839 1419 Les
854 1394 978 1420 editions
993 1398 1059 1420 sont
1076 1398 1170 1420 tontes
1186 1395 1240 1420 sort

281 1441 466 1467 incorrectos.

325 1529 372 1558 De
390 1529 492 1558 meme
508 1531 605 1563 main,
622 1539 661 1559 en
677 1531 865 1569 appendice,
883 1531 903 1560 s.
922 1530 1055 1561 304-305
1075 1544 1079 1560 z

248 1596 283 1623 De
302 1596 380 1631 sacto
405 1597 534 1632 L'nyarie
560 1606 667 1634 mayne
690 1607 707 1626 a
725 1600 823 1634 fratre
844 1599 995 1627 Ricardo²
1018 1600 1139 1629 invento
1166 1606 1239 1629 lenz-

282 1656 355 1686 pore
373 1649 489 1677 domini
506 1650 642 1686 Greqorii
656 1659 729 1687 pape
747 1651 831 1680 noni.

324 1714 496 1743 Inventum
516 1714 577 1744 fuit
597 1715 630 1744 in
651 1716 747 1752 gestis
770 1716 1011 1754 Ungarorum...
1032 1722 1061 1747 et
1082 1718 1150 1747 eius
1166 1719 1239 1748 obe-

283 1767 403 1796 dientie
421 1767 593 1806 subjugari.

316 1833 399 1859 Recit
421 1833 457 1859 du
479 1842 586 1868 voyage
607 1834 671 1860 d’un
697 1843 806 1869 groupe
829 1835 863 1861 de
887 1835 1085 1863 Dominieains
1101 1837 1238 1871 hongrois

279 1884 294 1907 a
311 1882 335 1907 la
352 1882 506 1908 recherche
526 1882 559 1908 de
583 1883 605 1908 la
622 1882 735 1910 Grande
752 1883 888 1917 Hongrie.
906 1884 951 1911 Un
968 1885 1029 1911 seul
1047 1885 1155 1911 d'entre
1171 1894 1237 1917 eux,

278 1930 384 1960 Julien,
403 1932 533 1964 pai-vient
548 1933 563 1956 a
579 1931 750 1958 destination
767 1933 836 1958 chez
853 1933 893 1959 les
910 1933 1056 1967 Hongrois
1071 1934 1106 1960 de
1122 1934 1237 1961 l'Oural.

279 1978 317 2003 Ce
334 1982 409 2004 texte
432 1988 448 2005 a
468 1981 512 2004 ete
530 1979 622 2013 publie
640 1988 687 2014 par
702 1980 834 2011 Theiuer,
857 1982 945 2007 Vetera
962 1986 1138 2008 monumenta
1155 1983 1239 2009 histo-

280 2029 337 2052 rica
355 2028 523 2060 Hunqariam
540 2036 647 2054 sacram
664 2030 847 2063 illustrantia,
865 2035 884 2056 t.
902 2030 925 2063 Ι,
942 2039 970 2065 p.
989 2032 1118 2058 151-153.

323 2114 385 2144 Sur
409 2114 544 2154 l'espace
566 2119 646 2145 reste
671 2117 758 2154 vide,
783 2118 804 2146 f.
829 2118 885 2148 305
903 2123 943 2155 νο,
968 2119 1006 2149 de
1029 2120 1117 2149 main
1142 2121 1237 2151 diffe-

284 2173 371 2197 rente
390 2180 395 2197 :

244 2234 402 2269 Quittance
417 2236 527 2263 ιίοηηέε
542 2245 599 2273 par
614 2236 750 2273 Greqotre
762 2238 787 2266 J:
798 2238 815 2266 ἱι
830 2238 975 2276 Βένειιῃθν
988 2240 1022 2268 de
1034 2240 1167 2278 Se'yuret.

316 2300 418 2335 Figure
434 2301 496 2335 deja
508 2303 666 2336 ei-dessns,
679 2309 708 2329 n⁰
719 2303 820 2336 CCCL,
833 2303 944 2339 d'apr'es
955 2305 980 2331 le
997 2306 1141 2332 Vaticanus
1154 2307 1236 2334 8486.

324 2388 386 2418 Sur
403 2389 468 2418 les.
487 2389 542 2419 306
559 2394 597 2427 r⁰‚
614 2390 710 2420 d'une
726 2396 815 2422 autre
832 2393 918 2422 main
937 2402 943 2423 :

244 2455 336 2483 Leltre
353 2456 385 2484 cle
401 2456 530 2485 Cle'ment
546 2456 587 2485 IV
600 2457 616 2485 ὰ
634 2457 736 2486 Pierre
751 2459 784 2486 de
806 2459 880 2487 Vico.

322 2521 470 2551 Clemens
479 2524 490 2542 ³
503 2523 668 2561 episcopus
679 2532 787 2553 servus
799 2533 962 2555 servorum
976 2526 1034 2556 Dei
1045 2527 1158 2558 dilecto
1170 2529 1237 2560 filio

284 2573 383 2603 nobili
404 2575 470 2604 viro
492 2575 584 2605 Petro
603 2576 641 2605 de
660 2576 735 2606 Vico
757 2577 890 2607 salutem
909 2583 939 2608 et
960 2580 1165 2617 apostolicam
1183 2582 1237 2612 be-

236 2710 239 2712 *
282 2719 305 2744 1.
321 2718 444 2752 Anagni.

280 2766 305 2792 Q.
324 2765 402 2792 Dans
417 2766 443 2792 le
459 2770 543 2798 texte,
561 2775 593 2793 ce
610 2768 748 2802 religieux
764 2769 897 2805 s'appelle
911 2770 1018 2798 Julien.

281 2814 295 2841 3
324 2814 357 2840 ⁵25
373 2814 533 2848 septembre
548 2815 624 2841 1265.
640 2830 675 2836 —
690 2816 727 2842 Le
744 2826 813 2852 pape
829 2817 956 2846 clement
968 2819 1017 2851 IV,
1033 2822 1182 2849 trahebant
1199 2833 1235 2850 un

245 2863 324 2896 litige
340 2863 456 2888 souleve
471 2871 507 2888 au
523 2867 615 2898 temps
632 2864 665 2890 de
681 2873 731 2891 son
751 2866 955 2899 predecesseur
970 2868 1077 2895 Urbain
1095 2869 1145 2901 IV,
1164 2879 1236 2898 eon-

243 2911 312 2937 c‘ede
329 2912 343 2936 a
360 2910 455 2936 Pierre
471 2911 506 2936 de
524 2910 594 2938 Vico
615 2912 656 2938 les
681 2914 860 2947 seigneuries
882 2915 916 2941 de
933 2915 1142 2945 Civitavecchia
1158 2924 1186 2946 et
1201 2920 1236 2946 de

244 2958 348 2991 Bieda,
370 2967 441 2993 pour
465 2967 502 2985 un
523 2967 592 2986 cens
614 2961 682 2987 total
702 2961 736 2987 de
757 2962 788 2988 10
808 2962 934 2990 besants.
958 2964 1000 2991 Cf.
1025 2969 1044 2991 t.
1066 2965 1096 2996 1,
1115 2975 1140 3001 p.
1159 2968 1191 2994 56
1208 2972 1236 2994 et

245 3016 270 3042 p.
291 3007 340 3034 1152
357 3010 398 3040 (no
412 3007 566 3039 oxelxe).

1363 1101 1588 1132 nedictionem.
1625 1103 1754 1132 Dudum
1789 1108 1928 1142 tempore
1962 1104 2062 1134 felicis
2092 1104 2323 1134 recordationis

1365 1155 1485 1185 Urbani
1517 1165 1593 1195 pape
1627 1157 1854 1195 predecessoris
1890 1158 1988 1187 nostri
2024 1159 2108 1187 inter
2142 1158 2322 1188 Romanam

1362 1209 1526 1238 ecclesiam
1545 1214 1574 1239 et
1595 1214 1622 1239 te
1642 1219 1736 1248 super
1755 1211 1877 1240 duobus
1898 1213 2009 1241 castris
2029 1220 2166 1250 quorum
2183 1211 2322 1241 alterum

1361 1261 1478 1291 Civitas
1494 1267 1594 1299 vetus,
1614 1263 1774 1302 reliquum
1792 1273 1865 1294 vero
1884 1264 1981 1293 Bleda
1999 1264 2172 1302 vulgariter
2191 1272 2321 1294 nuncu-

1362 1319 1454 1352 patur
1468 1321 1535 1345 orta
1549 1316 1608 1345 fuit
1623 1317 1756 1346 materia
1771 1317 1959 1356 questionis
1977 1317 2041 1346 Nos
2056 1322 2161 1346 autem
2179 1317 2322 1347 volentes

1362 1368 1563 1406 questionem
1573 1369 1757 1407 hujusmodi
1769 1370 1966 1407 benignitate
1976 1371 2076 1408 potius
2088 1370 2320 1408 quamjusticie

1362 1422 1467 1459 rigore
1487 1424 1604 1461 sopire,
1624 1427 1656 1453 ut
1674 1424 1706 1452 in
1726 1424 1892 1454 devotione
1908 1433 2003 1462 quam
2021 1423 2058 1453 ad
2076 1433 2133 1453 nos
2153 1428 2182 1453 et
2202 1424 2321 1454 Roma-

1362 1484 1436 1504 nam
1449 1475 1613 1505 ecclesiam
1623 1476 1781 1514 polliceris
1790 1477 1986 1506 constantior
1997 1476 2155 1513 habearis,
2167 1476 2252 1505 inter
2261 1484 2320 1506 nos

1361 1532 1391 1557 et
1408 1531 1434 1557 te
1451 1537 1545 1566 super
1560 1528 1621 1558 hoe
1637 1532 1766 1559 tractatu
1783 1529 1890 1559 habito
1907 1534 1937 1559 et
1952 1538 1969 1558 a
1987 1534 2014 1559 te
2030 1529 2129 1558 libera
2145 1534 2175 1559 et
2193 1533 2323 1568 sponta-

1363 1590 1422 1610 nea
1435 1590 1470 1610 ac
1483 1581 1604 1611 veritati
1616 1590 1755 1612 consona
1766 1582 1965 1612 confessione
1977 1583 2142 1621 premissa,
2154 1582 2238 1621 quod
2250 1591 2319 1621 pre-

1360 1635 1443 1664 dicta
1461 1639 1562 1665 castra
1584 1644 1656 1666 cum
1678 1636 1827 1666 omnibus
1840 1636 1967 1675 juribus
1984 1639 2013 1665 et
2030 1635 2231 1674 pertinentiis
2249 1635 2317 1665 suis

1361 1687 1399 1717 ad
1423 1692 1629 1717 memoratam
1654 1689 1831 1718 Romanam
1857 1688 2022 1718 ecclesiam
2042 1689 2200 1727 pertinent
2221 1688 2318 1727 pleno

1359 1741 1446 1778 J'ure‚
1468 1744 1570 1770 castra
1592 1740 1661 1778 ipsa
1681 1750 1754 1770 cum
1779 1741 1898 1770 eisdem
1920 1741 2047 1779 juribus
2069 1744 2097 1770 et
2115 1740 2318 1779 pertinentiis

1363 1793 1419 1823 tibi
1435 1797 1464 1822 et
1481 1793 1543 1823 tuis
1560 1794 1730 1824 heredibus
1742 1803 1777 1824 ac
1790 1794 2024 1824 successoribus
2041 1795 2072 1822 in
2090 1794 2257 1824 infinitum
2271 1793 2320 1823 le-

1360 1846 1484 1884 gitimis
1498 1846 1545 1876 vel
1558 1848 1714 1876 extraneis
1729 1855 1763 1876 ex
1779 1850 1965 1877 testamento
1982 1846 2030 1876 vel
2048 1847 2087 1876 ab
2103 1846 2251 1876 intestato
2262 1855 2319 1876 seu

1361 1908 1563 1938 quocumque
1585 1899 1648 1930 alio
1671 1900 1740 1939 jure
1762 1900 1800 1929 ad
1823 1904 1907 1929 tuam
1930 1899 2161 1929 successionem
2183 1899 2320 1929 venien—

1362 1953 1462 1989 tibus,
1480 1953 1512 1981 in
1532 1953 1721 1983 locationem
1745 1962 1799 1983 seu
1819 1953 2041 1990 emphiteosim
2060 1956 2241 1991 perpetuam
2259 1952 2321 1983 sub

1360 2006 1563 2044 infrascripto
1579 2015 1699 2036 canone
1719 2016 1772 2036 seu
1792 2015 1888 2036 censu
1908 2015 2016 2036 annuo
2036 2006 2074 2035 de
2090 2006 2222 2035 fratrum
2243 2014 2318 2036 nos·

1362 2064 1480 2089 trorum
1503 2060 1637 2090 consilio
1660 2064 1689 2089 et
1710 2068 1842 2090 assensu
1866 2060 2016 2089 duximus
2038 2059 2251 2089 concedenda.
2271 2060 2319 2089 Ita

1359 2112 1442 2151 quod
1461 2118 1503 2146 tu.
1522 2113 1654 2142 heredes
1670 2117 1697 2142 et
1715 2121 1910 2142 successores
1927 2112 2069 2150 predicti,
2087 2116 2187 2141 castra
2207 2112 2320 2142 eadem

1359 2174 1432 2195 cum
1444 2167 1573 2204 Juribus
1596 2169 1625 2195 et
1646 2166 1848 2204 pertinentiis
1865 2166 2014 2204 predictis
2032 2165 2121 2195 nobis
2137 2165 2319 2204 nostrisque

1360 2219 1593 2248 successoribus
1608 2222 1637 2249 et
1657 2219 1767 2248 eadem
1787 2218 1917 2248 ecclesia
1934 2218 2083 2256 primitus
2106 2218 2270 2257 requisitis
2290 2221 2322 2248 et

1359 2272 1399 2301 ad
1428 2272 1623 2309 emptionem
1650 2280 1704 2302 seu
1734 2271 2001 2310 permutationem
2028 2271 2194 2306 admissis,
2225 2271 2252 2300 si
2284 2279 2322 2301 ea

1360 2323 1461 2354 velint
1476 2334 1531 2363 pro
1548 2325 1652 2363 precio
1669 2333 1774 2354 emere
1790 2324 1838 2353 vel
1857 2332 1911 2362 pro
1928 2324 2159 2362 permutatione
2175 2323 2320 2362 accipere

1360 2377 1528 2416 equalibus
1554 2377 1618 2407 illis
1645 2387 1706 2416 que
1733 2382 1807 2407 tunc
1833 2377 1981 2415 temporis
2006 2377 2190 2413 offerentur,
2218 2376 2321 2406 libere

1361 2430 1497 2460 vendere
1511 2431 1634 2469 possitis
1648 2431 1904 2469 quibuscumque
1916 2429 2058 2468 personis
2069 2438 2124 2458 seu
2139 2433 2320 2467 permutare

1359 2491 1431 2512 cum
1446 2482 1511 2512 illis
1528 2483 1576 2512 vel
1591 2483 1624 2512 in
1637 2492 1689 2513 eas
1703 2491 1906 2522 quocumque
1920 2482 2204 2521 alienationisjure
2220 2486 2320 2512 trans·

1359 2535 1454 2569 ferre,
1472 2536 1727 2574 imperatoribus,
1746 2535 1873 2573 regibus
1889 2539 1918 2565 et
1938 2543 2047 2565 eorum
2066 2535 2141 2564 filiis
2162 2534 2211 2564 vel
2230 2534 2320 2564 here-

1360 2588 1452 2618 dibus
1474 2589 1541 2618 sive
1563 2588 1816 2627 successorihus,
1841 2588 2044 2618 monasteriis
2065 2593 2095 2617 et
2116 2588 2257 2617 ecclesiis
2283 2595 2320 2617 ac

1359 2641 1538 2677 civitatum,
1556 2646 1746 2677 castrorum,
1761 2646 1791 2670 et
1802 2641 1943 2671 locorum
1959 2649 2235 2679 quorumcumque
2250 2641 2320 2670 uni·

1360 2694 1577 2731 versitatibus‚
1600 2693 1852 2724 comunitatibus
1871 2693 1921 2723 vel
1943 2693 2085 2731 collegiis
2107 2693 2318 2731 quibuscum-

1360 2755 1421 2786 que
1436 2746 1599 2777 dumtaxat
1617 2747 1766 2786 exceptis.
1792 2747 1853 2776 Pro
1872 2746 2014 2785 quolibet
2034 2751 2142 2776 autem
2163 2745 2318 2784 predicto-

1359 2793 1431 2829 rum
1447 2803 1622 2830 castrorum
1643 2804 1675 2829 tu
1697 2804 1727 2829 et
1742 2799 1874 2829 heredes
1897 2808 1953 2828 seu
1970 2807 2168 2828 successores
2185 2796 2319 2837 predicti

1358 2861 1394 2882 ac
1411 2852 1459 2882 illi
1479 2853 1594 2891 quibus
1615 2852 1694 2882 forte
1709 2855 1754 2889 tu,
1772 2852 1871 2881 iidem
1890 2851 2021 2881 heredes
2038 2851 2086 2880 vel
2109 2858 2321 2887 successores,

1355 3017 1379 3043 1.
1397 3017 1456 3044 eod.
1475 3017 1643 3051 irrumpere.
