2402 3592
186 357 221 386 14
722 354 770 382 LE
794 352 939 382 LIBER
961 350 1193 382 CENSUUM
1217 351 1271 380 DE
1294 341 1479 380 L‘IJJGLISE
1502 350 1712 381 ROMAINE.

226 421 387 460 quodlibet
404 420 647 458 premissorum,
668 427 740 447 cum
759 418 901 456 ejusdem
925 426 1005 456 pene
1027 416 1177 446 commis-

225 474 323 507 sione,
350 473 382 501 in
413 481 470 501 sua
497 475 702 510 permaneant
729 470 888 499 firmitate.
917 470 954 499 Et
981 474 1013 499 ut
1040 469 1179 507 predicta

225 526 330 556 omnia
361 525 495 554 firmiter
524 529 553 553 et
582 522 809 552 inviolabiliter
838 523 1064 558 observentur,
1093 521 1179 551 idem

226 578 378 617 syndicus
415 578 446 606 in
480 576 638 615 presentia
675 575 820 605 omnium
855 574 1106 613 supradictorum
1144 574 1179 602 in

225 632 331 660 anima
352 639 406 659 sua
430 634 459 658 et
484 630 515 657 in
539 628 710 657 animabus
735 628 875 665 ipsorum
897 627 1016 656 ibidem
1043 627 1180 656 existen-

227 684 313 719 tium,
334 683 461 712 nomine
475 682 654 711 communis
671 681 765 710 totius
783 681 917 715 Perusii,
935 680 972 709 de
991 680 1140 710 omnibus
1152 684 1181 708 et

228 735 360 773 singulis
374 734 523 773 predictis
536 734 736 763 attendendis
756 738 784 763 et
799 733 1004 762 observandis
1020 732 1181 770 corporale

228 789 360 826 prestitit
385 788 616 825 juramentum.
646 787 682 816 Et
709 791 782 815 tunc
806 786 837 815 in
860 786 1035 815 continenti
1061 785 1180 814 ibidem

226 841 309 870 idem
330 841 479 877 magister
498 840 656 877 Ubertus,
677 840 807 870 nomine
828 845 857 868 et
878 839 946 868 vice
967 839 1110 868 Romane
1133 847 1181 868 ec-

225 893 330 929 clesie,
347 893 531 923 auctoritate
547 893 607 922 sibi
626 893 806 927 commissa,
824 892 929 930 ipsum
947 891 1106 920 sindicum
1124 899 1181 921 no-

227 947 314 975 mine
331 952 359 975 et
377 946 441 975 vice
457 946 636 975 communis
654 945 788 979 Perusii,
803 945 840 974 de
856 945 938 974 dicto
954 945 1117 981 comitatu,
1133 945 1181 983 ju—

226 999 334 1035 ribus,
373 998 653 1037 jurisdictionibus
696 1003 725 1027 et
764 997 967 1036 proventibus
1008 1006 1043 1026 ac
1087 997 1181 1027 etiam

226 1051 426 1090 pertinentiis
439 1051 596 1089 ejusdem,
609 1060 664 1089 per
680 1059 774 1080 suum
787 1050 917 1088 pilleum
930 1050 1103 1086 investivit,
1118 1059 1180 1080 non

227 1105 369 1134 obstante
394 1104 599 1133 concessione
620 1112 715 1142 qnam
736 1103 928 1133 venerabilis
951 1103 999 1132 vir
1017 1103 1184 1133 Johannes

227 1157 395 1196 Compater
411 1161 486 1186 tunc
502 1161 602 1186 rector
620 1157 763 1193 ducatus,
782 1165 868 1185 nunc
888 1156 1081 1194 Anagninus
1101 1155 1183 1185 elec-

229 1215 296 1246 tuS,
330 1210 472 1249 potestati
503 1214 532 1239 et
558 1209 723 1239 communi
753 1209 909 1246 Eugubii,
941 1212 1028 1238 motu
1060 1210 1184 1248 proprio

227 1263 338 1293 fecisse
360 1263 522 1297 asseritur,
542 1271 637 1300 quam
663 1261 810 1291 dominus
833 1271 910 1301 papa
931 1266 1090 1300 tamquam
1113 1271 1184 1301 pre-

229 1319 388 1354 sumptam
403 1315 604 1354 aliquatenus
621 1314 722 1344 voluit
738 1323 802 1344 non
818 1315 933 1352 valere,
952 1324 1005 1344 seu
1024 1314 1185 1353 aliquibus

230 1369 342 1398 litteris
366 1369 432 1398 sive
457 1367 668 1406 indulgentiis
692 1376 709 1397 a
731 1368 976 1407 quibuscunque
999 1368 1141 1407 personis
1168 1377 1185 1398 a

231 1422 303 1451 sede
329 1421 497 1460 apostolica
524 1421 718 1459 impetratis,
744 1431 799 1459 per
825 1430 902 1460 quas
928 1426 1031 1460 posset
1055 1422 1185 1451 effectus

229 1475 445 1505 concessionis
477 1474 660 1512 hujusmodi
691 1474 838 1512 impediri
871 1474 919 1504 vel
950 1475 1186 1513 quomodolibet

231 1527 398 1563 retardari;
417 1527 448 1555 in
471 1536 582 1556 omnes
605 1532 633 1556 et
656 1527 800 1564 singulos
822 1528 1066 1558 contradictores
1086 1533 1115 1557 et
1135 1537 1185 1558 re-

230 1580 338 1615 belles,
355 1580 540 1609 auctoritate
556 1580 678 1609 domini
695 1589 772 1618 pape
787 1580 888 1609 eidem
907 1581 1059 1618 magistro
1075 1582 1108 1610 in
1127 1581 1186 1611 bac

230 1639 315 1672 parte
332 1641 477 1662 concessa
490 1633 521 1661 in
540 1633 680 1672 scriptis,
699 1642 734 1662 ex
754 1637 828 1662 tunc
844 1635 1186 1665 excommunicationis

232 1691 340 1716 senten
348 1686 420 1715 tiam
436 1685 676 1723 promulgando.
694 1685 743 1715 Ad
756 1686 871 1715 horum
882 1691 988 1716 autem
1002 1687 1185 1717 firmitatem

232 1743 260 1768 et
282 1739 502 1768 certitudinem
528 1738 702 1776 pleniorem
726 1739 810 1769 idem
832 1740 985 1778 syndicus
1003 1750 1020 1769 a
1038 1741 1186 1779 predictis

231 1796 391 1830 potestate,
409 1792 583 1829 capitaneo,
598 1792 733 1822 consilio
748 1793 877 1830 speciali
893 1798 922 1823 et
938 1794 1090 1831 generali,
1111 1803 1187 1824 cen-

232 1848 297 1874 tum
315 1845 430 1874 vocatis
446 1854 500 1882 per
519 1848 639 1882 portam
657 1846 830 1875 rectoribus
846 1846 961 1875 artium
977 1851 1005 1875 et
1018 1847 1186 1876 bailiorum

232 1899 414 1928 societatum
431 1898 468 1926 ad
492 1898 549 1927 hoc
571 1897 691 1927 habens
710 1898 873 1928 sufficiens
894 1904 923 1928 et
942 1899 1076 1938 speciale
1096 1909 1187 1929 man-

231 1953 355 1987 datum,
380 1951 497 1980 ibidem
520 1952 553 1980 iu
581 1952 738 1989 presentia
763 1953 907 1982 omnium
934 1953 1187 1991 supradictorum

232 2006 265 2034 in
291 2005 397 2034 anima
420 2014 476 2033 sua
498 2009 528 2034 et
550 2005 762 2042 predictorum
788 2007 950 2044 omnium,
975 2008 1062 2036 tactis
1083 2016 1188 2037 sacro—

233 2059 347 2087 sanctis
365 2057 550 2095 evangeliis,
564 2059 685 2096 juravit
703 2059 785 2097 quod
804 2064 938 2097 potestas
959 2064 988 2089 et
1004 2060 1188 2098 capitaneus

232 2112 286 2150 qui
301 2116 394 2140 erunt
417 2119 470 2149 pro
492 2114 631 2149 tempore
646 2112 803 2149 jurabunt
819 2112 852 2140 in
870 2113 1028 2150 principio
1044 2113 1092 2142 sui
1108 2114 1188 2150 regi—

232 2166 328 2193 minis
347 2164 484 2202 predicta
506 2165 615 2193 omnia
640 2169 669 2194 et
688 2165 813 2202 singula
835 2165 1065 2195 inviolabiliter
1080 2166 1188 2196 obser-

231 2227 314 2253 vare,
332 2222 360 2247 et
378 2219 436 2247 ista
453 2222 611 2256 ponentur
628 2218 666 2247 de
682 2222 797 2248 statuto
816 2219 849 2248 in
869 2223 1019 2248 statutum
1039 2221 1188 2258 usquein

231 2271 493 2309 quinquennium
527 2271 755 2308 supradictum.
787 2272 973 2301 Reservavit
1005 2273 1067 2302 sibi
1102 2273 1186 2302 idem

231 2324 380 2361 magister
398 2323 628 2353 nichilominus
650 2324 826 2362 plenariam
844 2329 1026 2364 potestatem
1044 2331 1077 2355 ut
1093 2335 1188 2364 quos-

230 2377 305 2406 libet
321 2377 566 2407 contradictores
584 2381 613 2406 et
631 2377 766 2407 rebelles
790 2387 844 2416 per
865 2387 898 2408 se
920 2378 968 2408 vel
988 2379 1087 2408 alium
1108 2388 1188 2418 pena

231 2429 393 2469 temporali
408 2433 511 2469 posset
526 2430 674 2460 multare.
695 2431 732 2460 In
749 2431 840 2469 cujus
855 2431 902 2461 rei
922 2432 1141 2462 testimonium
1159 2437 1189 2462 et

230 2483 382 2522 maJ'orem
398 2483 594 2519 firmitatem,
610 2483 689 2513 dicti
706 2484 856 2514 dominus
872 2484 1023 2521 Ubertus,
1040 2489 1187 2523 potestas,

231 2539 260 2565 et
280 2536 479 2574 capitaneus,
504 2541 533 2566 et
558 2535 730 2566 consilium
752 2536 857 2574 sigilla
877 2537 1019 2576 ejusdem
1045 2538 1188 2576 magistri

231 2589 342 2619 Uberti
363 2594 392 2618 et
412 2589 594 2619 communis
615 2590 739 2619 Perusii
758 2599 816 2619 nec
833 2599 896 2620 non
913 2590 1021 2629 populi
1039 2591 1188 2621 Perusini

231 2643 425 2672 concessioni
457 2647 487 2671 et
514 2642 781 2680 promissionibus
806 2642 957 2682 predictis
984 2652 1038 2673 scu
1068 2645 1189 2674 instru-

232 2698 338 2724 mento
357 2695 475 2733 prefato
493 2695 636 2724 fecerunt
658 2696 785 2735 apponi.
808 2698 924 2726 Actum
941 2697 1065 2726 Perusii
1081 2698 1115 2726 in
1134 2707 1188 2735 pa-

230 2747 306 2777 latio
322 2748 502 2777 communis
517 2756 623 2777 coram
640 2748 770 2778 domino
790 2749 954 2779 Bernardo
969 2750 1112 2789 episcopo
1127 2751 1188 2781 Pe-

232 2801 357 2836 rusino,
378 2801 506 2830 domino
528 2801 616 2831 Bono
635 2802 807 2839 presbitero
827 2806 857 2831 et
875 2802 1041 2841 capellano
1059 2803 1189 2833 ecclesie

233 2853 331 2882 sancti
350 2853 456 2882 Severi
471 2853 509 2883 de
525 2854 644 2890 Platea,
663 2855 793 2884 domino
809 2855 943 2885 Girardo
959 2856 996 2885 de
1014 2856 1120 2885 Guazo
1133 2857 1189 2886 mi-

234 2907 286 2935 lite
303 2907 475 2944 potestatis,
498 2907 627 2937 domino
646 2908 762 2938 Jacobo
783 2909 898 2938 Preitis
919 2910 1039 2947 judice.
1057 2910 1190 2940 domino

232 2959 347 2989 Jacobo
365 2959 403 2989 de
425 2960 568 2989 Pusterla
585 2960 705 2997 judice,
729 2962 821 2991 Petro
842 2962 1031 2992 Portonario
1053 2964 1188 3001 notario,

230 3011 347 3041 Giliolo
376 3013 513 3048 notario⁷
541 3013 719 3044 Lansranco
744 3015 883 3050 notario,
914 3016 1026 3054 Ugone
1053 3017 1188 3047 Dalferri

1300 416 1424 446 notario
1441 416 1620 451 Parmensi,
1636 416 1766 445 domino
1779 416 2064 454 JacominoJudice
2079 416 2153 446 dicti
2170 416 2257 455 capi-

1301 469 1403 504 tanei,
1429 473 1458 498 et
1483 469 1614 499 domino
1637 468 1813 507 Synibaldo
1834 468 1978 506 magistri
2003 468 2118 498 Mathei
2138 469 2257 507 judice,

1300 521 1431 552 domiuo
1459 522 1658 558 Huguittone
1680 521 1791 551 Jacobi
1818 521 2003 559 Uguittouis
2029 521 2116 551 Butti
2138 522 2259 561 judice,

1300 574 1430 604 domino
1448 574 1596 613 Philippo
1613 574 1802 604 Bernardini
1818 574 1938 612 judice,
1957 574 2088 604 domino
2104 574 2260 605 Salvatico

1299 627 1406 665 judice
1426 628 1594 663 Perusino,
1614 627 1744 657 domino
1765 627 1936 657 Attaviano
1953 627 2055 666 priore
2072 627 2261 657 Sanctorum

1302 680 1527 719 Apostolorum
1545 681 1584 710 de
1599 681 1758 710 Florentia
1776 685 1805 710 et
1822 680 2040 710 Alamannino
2053 680 2091 709 de
2105 680 2261 710 Cremona

1302 733 1459 763 familiare
1483 734 1611 772 predicti
1636 734 1779 771 magistri
1797 734 1926 770 Uberti,
1946 733 2079 763 testibus
2100 733 2217 763 vocatis
2233 737 2263 763 et

1286 788 1430 825 erogatis.

1344 840 1380 869 Et
1400 850 1457 878 ego
1481 840 1631 870 Nicolaus
1648 841 1770 870 Rustici
1787 840 1946 880 imperiali
1967 841 2151 870 auctoritate
2171 845 2262 870 nota-

1303 893 1373 922 rius
1390 898 1420 922 et
1436 902 1521 923 nunc
1538 895 1683 923 notarius
1698 894 1900 923 antianorum
1919 893 2100 923 communis
2121 893 2261 928 Perusii,

1303 946 1366 976 hiis
1382 947 1531 976 omnibns
1549 947 1693 984 interfui,
1714 951 1744 976 et
1768 946 1907 985 predicta
1928 947 2038 976 omnia
2059 947 2097 976 de
2116 946 2264 976 mandato

1305 999 1519 1038 predictorum
1543 1000 1688 1037 magistri
1705 1000 1834 1034 Uberti,
1855 1001 2032 1038 potestatis,
2056 1000 2213 1038 capitanei
2235 1003 2265 1029 et

1304 1052 1433 1082 consilii
1450 1053 1560 1090 scripsi
1579 1057 1609 1082 et
1625 1053 1817 1082 autenticavi
1835 1057 1960 1090 rogatus
1975 1061 2038 1082 una
2053 1061 2126 1082 cum
2143 1053 2266 1082 notario

1305 1105 1507 1144 infrascripto
1523 1110 1552 1135 et
1571 1106 1717 1144 superius
1737 1106 1790 1135 ubi
1812 1105 1930 1135 dicitur
1951 1106 1985 1135 in
2002 1106 2171 1136 animabus
2189 1114 2266 1136 con-

1306 1158 1442 1196 signavi.

1346 1211 1383 1240 Et
1405 1219 1462 1248 ego
1486 1211 1599 1241 Petrus
1623 1212 1661 1241 de
1682 1211 1806 1250 Spoleto
1829 1212 1972 1241 notarius
2000 1211 2166 1250 publicus,
2194 1221 2265 1251 pre-

1306 1264 1399 1293 dictis
1414 1265 1564 1294 omnibus
1585 1265 1730 1299 interfui,
1753 1270 1780 1294 et
1805 1265 1954 1295 mandato
1975 1265 2193 1303 predictorum
2210 1264 2267 1295 do-

1307 1317 1389 1346 mini
1422 1318 1550 1353 Uberti,
1582 1319 1760 1356 potestatis,
1790 1318 1945 1356 capitanei
1975 1322 2005 1347 et
2034 1317 2161 1348 consilii
2191 1317 2267 1348 sub-

1307 1371 1431 1410 scripsi,
1450 1376 1479 1400 et
1495 1371 1625 1409 signum
1644 1380 1750 1401 meum
1768 1372 1910 1410 apposui.

1752 1485 1781 1514 5,

1346 1584 1405 1612 Ιηι
1424 1584 1556 1614 nomine
1570 1584 1715 1620 Domini,
1732 1593 1838 1614 amen.
1858 1585 2026 1614 Universis
2043 1588 2206 1622 presentes
2221 1584 2269 1614 lit-

1309 1640 1391 1666 teras
1410 1636 1612 1676 inspecturis‚
1629 1637 1725 1666 frater
1736 1637 1925 1667 Franciscus
1941 1637 2145 1667 miseratione
2160 1637 2270 1667 divina

1307 1690 1550 1719 Terracineusis
1571 1690 1736 1729 episcopus
1755 1690 1888 1720 salutem
1905 1691 1938 1719 in
1958 1690 2108 1720 Domino.
2127 1691 2237 1729 Nuper
2253 1699 2271 1720 a

1309 1743 1511 1773 sanctissimo
1528 1748 1558 1772 et
1575 1743 1843 1773 reverendissimo
1860 1748 1945 1782 patre
1961 1748 1990 1772 et
2004 1743 2134 1773 domino
2151 1747 2269 1779 nostro,

1309 1795 1440 1825 domino
1456 1795 1621 1825 Clemente
1637 1796 1747 1825 divina
1764 1796 1964 1834 providentia
1977 1805 2054 1835 papa
2066 1796 2165 1833 1111t0,
2180 1805 2272 1826 man-

1310 1848 1419 1878 datum
1437 1850 1614 1888 recepimus
1633 1851 1664 1878 in
1686 1849 1770 1878 hunc
1788 1850 1929 1879 modum.

1350 1914 1363 1928 α
1391 1901 1540 1931 Clemens
1565 1904 1730 1941 episcopus
1756 1911 1866 1932 servus
1894 1911 2057 1932 servorum
2087 1903 2147 1932 Dei
2175 1912 2272 1933 vene-

1309 1954 1467 1984 rabilibus
1502 1955 1654 1985 sratribns
1686 1979 1705 1985 ..
1737 1956 1980 1991 Terracineusi,
2015 1961 2045 1986 et
2081 1978 2101 1986 ..
2137 1956 2272 1987 Reatino

1310 2008 1468 2047 episcopis
1509 2008 1644 2038 salutem
1688 2015 1715 2038 et
1761 2009 1964 2047 apostolicam
2003 2009 2270 2039 benedictionem.

1310 2061 1423 2099 Nuper
1456 2061 1681 2099 significarunt
1714 2062 1806 2091 nobis
1840 2061 1961 2091 nobiles
1992 2062 2051 2091 viri
2086 2062 2274 2092 Gualvanus

1311 2118 1341 2144 et
1375 2114 1564 2144 Fredericus
1606 2114 1730 2144 Lancea
1767 2115 1895 2150 tratres,
1930 2115 2014 2153 quod
2051 2115 2274 2145 desiderabant

1311 2171 1464 2206 erantque
1501 2168 1601 2206 parati
1637 2167 1677 2196 ad
1707 2169 1899 2206 presentiam
1933 2173 2074 2198 nostram
2105 2168 2272 2205 accedere,

1311 2221 1472 2250 mandatis
1500 2220 1680 2259 apostolicis
1709 2231 1763 2259 per
1791 2222 1901 2251 omnia
1931 2222 2080 2260 parituri,
2109 2227 2138 2252 et
2164 2231 2270 2261 perve-

1311 2273 1440 2303 nientes
1470 2274 1528 2303 sub
1559 2279 1665 2303 nostra
1697 2274 1813 2303 fiducia
1844 2284 1943 2313 usque
1969 2275 2066 2304 Reate
2094 2275 2133 2304 ad
2160 2275 2272 2313 hujus-

1311 2327 1398 2357 modi
1433 2328 1579 2357 facienda
1610 2328 1759 2357 mandata
1785 2328 1946 2366 postulare
1971 2337 2003 2358 se
2032 2329 2167 2358 admitti.
2191 2328 2273 2358 Cum

1311 2385 1418 2410 autem
1439 2390 1497 2410 nec
1516 2381 1712 2411 conveniens
1726 2390 1783 2411 nec
1797 2381 1967 2420 expediens
1982 2381 2175 2412 arbitremur
2189 2381 2275 2420 quod

1310 2435 1370 2473 ipsi
1391 2435 1446 2473 qui
1468 2443 1525 2465 nos
1542 2440 1571 2464 et
1589 2435 1768 2465 Romanam
1790 2435 1957 2465 ecclesiam
1979 2444 2013 2465 ac
2036 2435 2274 2474 predecessores

1311 2492 1436 2518 nostros
1457 2488 1620 2518 Romanos
1642 2488 1822 2527 pontifices,
1847 2497 1905 2518 nec
1930 2497 1994 2518 non
2017 2488 2220 2518 carissimum
2239 2487 2274 2517 in

1310 2541 1438 2572 Christo
1453 2542 1558 2571 filium
1575 2546 1720 2572 nostrum
1742 2564 1762 2571 ..
1781 2542 1888 2572 Sicilie
1905 2550 2012 2580 regem
2030 2541 2188 2572 illustrem
2211 2546 2274 2571 tam

1311 2604 1366 2633 per
1394 2604 1427 2624 se
1460 2604 1557 2634 quam
1589 2595 1766 2625 assistendo
1795 2594 1962 2624 Manfredo
1988 2594 2111 2625 dudum
2137 2594 2274 2634 principi

1311 2648 1484 2678 Tarentino
1500 2648 1695 2687 persecutori
1711 2647 1854 2686 ejusdem
1871 2647 2005 2677 ecclesie
2020 2647 2191 2678 manifesto
2206 2655 2275 2685 gra-

1312 2701 1390 2730 viter
1412 2705 1442 2730 et
1465 2701 1688 2739 multipliciter
1711 2701 1866 2731 hactenus
1891 2701 2095 2730 offenderunt
2118 2700 2154 2730 in
2181 2701 2275 2731 terris

1307 2879 1331 2905 ¹.
1358 2878 1447 2911 Rieu,
1466 2879 1600 2913 5jfevi·ier
1620 2879 1693 2906 1267.
1713 2894 1744 2899 —
1767 2878 1915 2913 Francois,
1934 2879 2043 2913 eveque
2059 2879 2093 2905 de
2110 2879 2273 2909 Tem-aeine,

1271 2926 1377 2953 delivre
1400 2928 1415 2953 a
1438 2927 1565 2953 Gatvano
1590 2927 1699 2954 Lancea
1722 2929 1779 2954 eta
1801 2936 1852 2954 son
1871 2928 1944 2954 frere
1960 2927 2093 2954 Frederic
2109 2927 2159 2953 des
2175 2927 2274 2954 lettres

1271 2975 1460 3002 d'absolution
1477 2977 1492 3002 a
1508 2977 1650 3002 cei-taines
1665 2975 1827 3002 conditions
1843 2977 2012 3001 enumerees
2027 2975 2099 3001 dans
2121 2984 2175 3001 une
2192 2976 2276 3002 lettre

1271 3024 1309 3051 du
1326 3033 1396 3060 pape
1412 3025 1541 3051 Clement
1557 3025 1608 3057 IV,
1626 3026 1707 3052 datee
1723 3025 1756 3051 de
1775 3024 1901 3058 Vsterbe,
1920 3025 1953 3050 2’7
1966 3025 2081 3058 janvier
2097 3023 2173 3051 1‘267.
