2402 3592
215 374 251 403 26
757 373 806 402 LE
831 373 974 402 LIBER
996 371 1228 402 CENSUUM
1253 371 1307 400 DE
1330 363 1516 402 L'ElGLISE
1539 371 1749 402 ROMAINE.

255 441 289 470 iu
311 440 479 470 electorum
501 439 707 468 multitudine
725 438 863 468 militum
886 438 925 468 ad
948 438 1211 477 conprimendam

258 494 471 523 Romanorum
490 493 670 530 superbiam
687 501 760 522 cum
777 492 891 522 Cesare
904 492 1086 527 destinavit,
1104 492 1157 521 ubi
1174 491 1212 521 de

256 551 405 584 concepta
415 545 597 584 nequitiain
611 549 719 583 partus
730 550 902 575 venenatos
912 554 1082 583 erumpens
1092 544 1212 582 legatus

255 600 373 629 infidus
396 604 424 628 et
446 598 662 636 corruptibilis
684 603 848 634 executor,
874 598 1057 628 deformans
1080 598 1212 636 pretoris

255 652 372 683 solium
390 656 419 681 et
437 652 633 681 imminuens
650 651 887 690 imperatoriam
911 652 1127 690 majestatem,
1144 651 1211 681 vio-

255 706 317 735 lato
335 704 449 743 prioris
462 704 534 733 fidei
549 704 666 738 federe,
680 709 818 734 mutatus
834 707 865 733 in
881 704 1002 734 hostem
1019 703 1163 733 hostibus
1180 712 1212 733 se

253 758 454 797 conjuncxit,
472 766 613 786 recessus
636 758 685 787 sui
708 757 794 786 diem
821 758 915 787 certis
933 757 1133 787 cautionibus
1149 761 1210 786 sta-

253 817 362 847 tuens,
385 810 570 841 omnimoda
589 810 720 839 interim
740 810 973 848 indempnitate
989 811 1154 849 promissa.
1173 810 1210 839 In

253 874 308 894 sue
320 863 448 902 quidem
464 863 632 901 apertioris
644 862 843 892 infidelitatis
860 863 1010 893 inditium
1028 872 1080 893 eos
1094 870 1212 893 secreta

253 916 469 946 familiaritate
491 920 687 954 pertractans
709 916 920 946 venerabatur
943 916 975 945 in
998 916 1160 955 publicum
1182 921 1212 945 et

252 970 440 1000 muneribus
456 969 644 1006 honorabat,
663 978 725 999 non
743 970 852 999 minus
870 970 902 999 in
921 969 979 999 hoc
995 969 1211 1008 pusillanimi-

251 1026 324 1055 tatis
345 1025 512 1064 obprobrio
533 1034 629 1063 quam
652 1024 841 1054 infidelitate
866 1025 1036 1055 notandus
1062 1025 1120 1054 Hic
1144 1034 1212 1054 ma-

247 1078 369 1116 jestatis
386 1077 512 1107 titulum
531 1077 563 1106 in
585 1077 724 1107 officium
745 1080 895 1107 venature
910 1081 1125 1113 commutans,
1146 1086 1210 1107 non

250 1131 347 1160 armis
366 1131 531 1160 decoratus
548 1135 577 1160 et
595 1130 733 1168 legibus,
752 1131 805 1160 sed
822 1131 954 1160 canibus
971 1134 1000 1159 et
1013 1130 1120 1160 avium
1138 1139 1209 1169 gar-

252 1184 379 1214 rulitate
395 1184 552 1219 munitus,
572 1184 669 1213 sactus
685 1183 723 1213 de
742 1184 931 1221 imperatore
947 1187 1089 1220 venator,
1107 1183 1211 1214 excel-

251 1237 347 1266 lentie
364 1241 521 1275 sceptrum
546 1237 578 1265 iu
600 1237 740 1266 ferarum
759 1236 916 1265 venabula
937 1237 1162 1273 commutavit,
1182 1241 1211 1267 et

251 1289 389 1319 hostium
409 1289 549 1319 vindicta
569 1290 749 1328 postposita,
770 1289 802 1318 in
819 1294 981 1328 capturam
998 1290 1106 1320 avium
1122 1289 1210 1319 solli-

249 1343 365 1373 citabat
391 1342 515 1381 aquilas
539 1342 759 1380 triumphales.
783 1342 837 1372 Sic
860 1342 960 1380 igitur
982 1343 1113 1373 decurso
1131 1346 1208 1372 tem-

248 1396 332 1433 poris
349 1395 449 1433 spatio
464 1404 526 1433 quo
545 1396 653 1424 matris
670 1404 796 1425 causam
816 1396 982 1426 indevotus
999 1396 1086 1425 tilius
1100 1405 1209 1435 prose—

248 1452 380 1478 cuturus
398 1448 529 1486 accepit,
550 1449 702 1478 Romanis
721 1449 753 1477 in
772 1449 823 1478 die
841 1458 935 1487 quam
953 1449 1037 1479 idem
1056 1450 1116 1479 sibi
1135 1459 1209 1488 pre-

247 1502 357 1531 fixerat
378 1501 570 1530 exeuntibus
597 1510 632 1530 ex
659 1501 804 1531 condicto
826 1502 857 1530 in
882 1506 982 1532 castro
1006 1503 1210 1542 Respanpani

247 1555 329 1593 quod
346 1564 363 1584 a
380 1555 472 1584 ruina
488 1554 553 1584 sola
568 1555 670 1593 ipsius
688 1557 899 1593 preservavit¹
917 1557 1032 1586 astutia
1045 1557 1210 1587 obsidione

250 1608 374 1643 relicta,
392 1607 590 1637 inlicentiato
606 1608 743 1637 exercitu
761 1613 791 1637 et
806 1608 920 1646 gladiis
936 1610 1076 1648 exposito
1093 1610 1210 1640 Roma-

249 1669 374 1696 norum,
392 1660 475 1689 fame
496 1660 647 1698 prodigus
664 1664 693 1689 et
717 1660 857 1698 honoris,
876 1662 1030 1699 fugitivus
1046 1663 1208 1700 abscessit,

247 1713 433 1751 proditionis
461 1712 617 1742 maculam
648 1713 771 1743 timoris
795 1714 955 1744 mendatio
975 1716 1107 1754 cupiens
1127 1716 1210 1746 colo-

249 1775 330 1795 rare.
358 1765 417 1795 Illa
442 1765 601 1804 siquidem
626 1766 789 1796 velocitate
815 1767 931 1805 sugatis
963 1769 1211 1807 triumphalibus

247 1818 365 1857 aquilis
382 1818 572 1855 vehebatur,
591 1823 626 1848 ut
642 1819 679 1849 de
697 1819 780 1850 dicto
802 1825 902 1850 castro
919 1821 1028 1851 eadem
1044 1821 1094 1852 die
1115 1822 1211 1861 quasi

246 1871 390 1901 hostibus
425 1875 512 1909 terga
543 1872 723 1910 petentibus
754 1872 876 1903 delatus
904 1873 937 1903 in
967 1874 1114 1912 Regnum
1146 1884 1210 1906 non

247 1925 403 1963 equitasse
423 1924 476 1954 sed
493 1924 614 1955 volasse
632 1925 739 1955 verius
755 1926 950 1957 crederetur.

287 1978 334 2007 21.
353 1995 391 1999 —
407 1978 495 2007 Tunc
514 1978 707 2008 Perusium2
723 1979 801 2008 adiit
817 1989 965 2009 summus
981 1985 1068 2019 pater
1084 1981 1136 2011 ubi
1152 1990 1210 2011 au-

247 2031 347 2060 ditum
366 2030 510 2069 deplorat
526 2031 725 2061 infidelitatis
742 2037 911 2069 eventum,
930 2032 1055 2063 dolores
1071 2034 1210 2072 ingemi-

248 2088 301 2113 nat
314 2089 414 2113 mater
428 2083 566 2113 Ecclesia
578 2084 616 2114 de
628 2084 696 2114 filio
707 2086 803 2123 patris
815 2090 845 2115 et
857 2087 955 2123 patrie
969 2086 1106 2117 delatore
1118 2098 1124 2123 3
1138 2096 1211 2126 pro-

247 2136 293 2166 dit
307 2141 389 2166 totus
403 2137 488 2166 orbis
504 2137 537 2165 in
556 2137 696 2166 fabulam
711 2137 809 2167 altum
828 2139 993 2176 negotium
1007 2143 1092 2169 tanta
1105 2140 1210 2170 solici-

248 2190 358 2219 tudine
374 2195 588 2228 procuratum‚
606 2195 667 2219 tam
683 2190 739 2220 vili
756 2191 832 2227 fine,
853 2196 916 2221 tam
933 2193 1017 2231 turpi
1036 2192 1210 2224 collusione

247 2242 446 2272 conclusum.
465 2243 526 2272 Sed
546 2243 603 2273 Dei
623 2243 722 2273 Filius
735 2253 869 2283 sponsus
884 2245 1022 2276 Ecclesie
1039 2247 1211 2285 resumpsit

247 2300 358 2325 contra
379 2295 526 2325 draconis
549 2296 683 2326 insidias
705 2306 820 2336 sponse
840 2307 987 2336 causam;
1014 2308 1088 2329 nam
1110 2300 1210 2338 ipsius

248 2348 358 2386 sponsi
374 2349 522 2385 vicarius,
542 2349 681 2379 Ecclesie
701 2350 860 2381 sollicitus
874 2351 1069 2389 gubernator
1084 2353 1209 2383 cadenti

248 2401 371 2438 negotio
382 2410 514 2430 manum
524 2402 746 2432 subventionis
758 2412 933 2442 apponens,
945 2405 1098 2443 quosdam
1109 2406 1209 2436 Theo-

248 2454 368 2483 tonicos
383 2454 506 2484 nobiles
518 2454 674 2485 libertatis
687 2456 899 2487 ecclesiastice
911 2458 1060 2488 zelatores
1071 2459 1210 2489 decrevit

247 2507 330 2545 apud
355 2507 533 2536 Viterbium
558 2517 612 2546 pro
636 2509 818 2539 defentione
845 2511 1033 2541 Patrimonii
1059 2512 1207 2550 retineri,

249 2569 304 2598 qui
330 2561 513 2590 Romanos-¹³
534 2561 572 2590 de
596 2571 651 2591 sua
677 2568 894 2601 presumentes
915 2564 1030 2594 virtute
1050 2565 1088 2594 ad
1109 2565 1209 2603 ipsius

248 2612 387 2642 civitatis
404 2613 590 2643 incidendas
608 2615 716 2644 vineas
730 2621 759 2645 et
774 2616 901 2646 arbores
913 2617 946 2646 in
962 2618 1050 2655 gravi
1067 2618 1208 2648 multitu-

248 2664 323 2694 dine
338 2670 540 2703 properantes
558 2667 755 2706 congres[s]u
775 2668 989 2699 audacissimo
1005 2670 1206 2708 fugaverunt,

251 2726 315 2747 non
343 2718 450 2756 paucis
475 2719 572 2757 captis
601 2723 630 2748 et
654 2720 829 2751 interfecns
856 2722 1017 2761 utrinque,
1043 2723 1208 2753 victoriam

253 2775 356 2800 tamen
376 2774 404 2800 et
423 2771 644 2801 liberationem
661 2774 759 2811 patrie
775 2773 812 2803 (le
831 2774 907 2810 celo,
928 2784 991 2805 non
1009 2776 1048 2806 ab
1064 2776 1205 2813 homine,

248 2943 270 2968 l.
290 2943 352 2968 (7011,
371 2944 554 2976 presentavit.

245 2990 269 3016 2.
288 2990 310 3016 Il
325 2999 343 3024 y
360 2991 427 3017 etait
442 2991 504 3025 deja
521 2992 544 3017 le
567 2993 594 3019 18
612 2994 772 3027 septembre
793 2994 868 3021 1234.

246 3039 270 3065 3.
289 3039 350 3065 Coci.
371 3039 502 3065 Romani.

1333 438 1508 467 consecuti.
1528 438 1582 467 Hii
1598 439 1796 476 postmodum
1812 448 1866 477 per
1881 439 1978 469 Urbis
1990 440 2131 470 confinia
2142 433 2296 479 usquead

1334 490 1490 529 Campum
1508 491 1694 521 Rotundum
1711 492 1766 530 qui
1786 492 1824 522 ab
1843 492 1930 522 Urbe
1947 492 2055 522 decem
2072 492 2168 522 distat
2186 493 2295 523 milia-

1333 544 1422 574 ribus
1433 544 1659 580 discurrentes,
1677 549 1772 574 totam
1789 545 1956 575 Sabiniam
1969 554 1987 574 a
2001 546 2155 575 Romanis
2170 546 2296 576 civibus

1333 602 1516 635 occupatam
1528 597 1648 636 absque
1659 598 1918 628 contradictionis
1931 598 2091 629 obstaculo
2104 598 2141 628 ad
2158 598 2297 628 Ecclesia

1333 650 1513 680 dominium
1539 651 1748 688 reduxerunt⁷
1771 652 1926 681 Romanis
1948 652 1993 682 sic
2017 651 2297 682 animadversione

1334 702 1445 732 divina
1461 703 1634 741 percussis,
1655 709 1688 733 ut
1706 703 1781 734 dum
1799 704 1923 735 alienos
1941 705 2095 735 terminos
2111 709 2295 744 quererent,

1334 766 1462 786 suorum
1493 757 1679 787 defensione
1707 763 1866 794 carerent,
1893 758 2016 789 clericis
2045 759 2142 789 Urbis
2171 767 2294 798 percep-

1334 809 1419 839 tione
1441 809 1625 840 reddituum
1650 815 1680 840 et
1695 811 1874 841 debitorum
1893 811 2050 842 solutione
2067 811 2296 842 mercatoribus

1334 863 1511 893 interdicta.
1534 863 1570 893 Et
1585 868 1619 893 ut
1634 864 1852 903 multiplicatis
1868 865 1989 894 viribus
2006 873 2116 895 eorum
2132 863 2212 894 colla
2227 872 2297 894 ves-

1334 916 1411 953 tigio
1421 917 1738 955 premeretgraviori,
1752 917 1996 948 ultramontanis
2009 917 2137 956 prelatis
2145 916 2297 948 omnibus

1333 978 1389 1008 pro
1405 970 1570 1008 stipendiis
1592 971 1814 1008 congregande
1833 970 1948 1000 militie
1967 971 2134 1010 pecuniam
2157 970 2298 1000 subven-

1335 1023 1430 1052 tionis
1451 1023 1577 1053 indixit.
1600 1023 1668 1059 Que
1686 1032 1759 1053 cum
1781 1024 1846 1062 jam
1872 1028 2059 1054 consumato
2083 1024 2209 1061 negotio
2232 1031 2297 1053 non

1333 1080 1510 1114 opportuna
1544 1077 1685 1112 veniret,
1714 1077 1825 1107 eadem
1852 1077 2042 1107 liberalitate
2066 1086 2129 1116 qua
2158 1076 2297 1107 Ecclesie

1333 1129 1448 1159 nuntio
1463 1129 1565 1158 soluta
1579 1130 1681 1159 extitit
1694 1130 1765 1169 e[s]t
1778 1129 1977 1160 solventibus
1990 1129 2126 1160 totaliter
2141 1130 2295 1160 restituta.

1334 1182 1456 1212 Ibidem
1481 1183 1583 1221 primo
1604 1183 1717 1213 Crucis
1739 1184 1869 1213 verbum
1892 1188 1921 1213 et
1941 1184 2036 1213 Terre
2057 1183 2171 1214 Sancte
2190 1182 2298 1213 subsi-

1333 1236 1434 1272 dium,
1452 1236 1485 1265 in
1498 1237 1612 1275 maj0ri
1626 1236 1727 1275 platea
1741 1237 1879 1267 civitatis
1894 1237 2062 1275 utriusque
2074 1245 2169 1266 sexus
2184 1235 2299 1275 populo

1332 1293 1533 1326 congregato,
1551 1289 1792 1319 lacrimabiliter
1809 1294 1838 1318 et
1855 1289 1965 1319 devote
1980 1298 2170 1328 proponens,
2186 1297 2298 1319 eorum

1334 1342 1458 1371 turbam
1497 1351 1561 1372 non
1597 1343 1755 1372 modicam
1791 1352 1863 1372 cum
1903 1342 2108 1372 lacrimarum
2144 1342 2298 1381 profluvio

1332 1395 1442 1425 Crucis
1458 1399 1616 1425 caractere
1632 1395 1818 1433 insignivit,
1835 1405 1889 1434 per
1905 1395 2020 1424 mundi
2039 1395 2167 1424 climata
2186 1394 2299 1425 Crucis

1332 1449 1583 1487 predicatoribus
1599 1449 1775 1478 destinatis.

1373 1502 1568 1531 ‘PL—Tunc
1578 1502 1671 1531 etiam
1682 1502 1734 1531 die
1739 1526 1798 1531 .....
1811 1501 1970 1531 Elisabeth
1981 1501 2166 1531 beatissima
2176 1501 2298 1531 dudum

1332 1554 1419 1592 regis
1436 1555 1577 1593 Ungarie
1600 1555 1667 1584 filia
1693 1559 1721 1585 et
1746 1555 1928 1593 Lantgravii
1951 1555 2078 1594 conjux,
2107 1563 2187 1584 nove
2209 1562 2298 1584 crea-

1335 1608 1432 1638 tionis
1452 1607 1542 1638 stella
1562 1608 1594 1637 in
1614 1617 1765 1647 empyreo
1784 1607 1936 1638 claritatis
1953 1611 2069 1645 exorta,
2089 1607 2174 1637 orbis
2190 1607 2299 1637 termi-

1334 1670 1390 1691 nos
1426 1661 1625 1700 prerogativa
1654 1661 1882 1691 miraculorum
1912 1660 2093 1697 illustrans,
2124 1660 2209 1690 inter
2235 1659 2300 1690 alia

1334 1723 1415 1744 nova
1438 1719 1468 1744 et
1483 1724 1611 1753 prorsus
1629 1715 1842 1744 admiratione
1858 1714 2030 1752 stupenda,
2052 1714 2180 1744 testium
2195 1722 2300 1744 asser-

1337 1769 1422 1798 tione
1441 1768 1581 1797 veridica
1595 1771 1662 1798 octo
1679 1768 1827 1806 probatur
1843 1772 1982 1797 mortuos
1998 1767 2175 1797 suscitasse.
2195 1766 2299 1802 Quam

1333 1822 1555 1851 sanctissimus
1573 1830 1652 1860 papa
1675 1820 1849 1858 Gregorius
1872 1820 1975 1850 adhuc
1993 1825 2132 1850 teneram
2150 1824 2180 1850 et
2195 1819 2300 1849 divini

1333 1873 1422 1903 lactis
1443 1879 1603 1912 expertem
1622 1874 1760 1912 suscepit
1781 1874 1813 1903 in
1834 1873 1945 1910 filiam,
1968 1873 2121 1903 instruxit
2137 1873 2295 1909 devotam,

1333 1931 1363 1957 et
1384 1927 1502 1957 coaluit
1524 1927 1613 1957 verbi
1634 1927 1757 1956 celestis
1778 1927 1900 1964 irriguo
1921 1927 1987 1964 jam
2012 1930 2203 1965 provectam.
2229 1926 2299 1962 Que

1333 1980 1478 2018 protinus
1499 1980 1611 2010 bibens
1630 1980 1788 2019 ymbrem,
1810 1985 1840 2009 et
1856 1979 1977 2009 cultum
1995 1984 2024 2009 et
2046 1979 2192 2009 habitum
2207 1979 2298 2018 quasi

1333 2038 1440 2063 sancte
1453 2034 1568 2063 mentis
1584 2034 1815 2073 impedimenta
1827 2033 2022 2072 prohiciens,
2033 2033 2134 2063 felicis
2146 2033 2299 2072 propositi

1333 2087 1502 2117 fecundata
1518 2092 1684 2125 conceptu,
1699 2087 1806 2125 plures
1823 2086 1954 2125 protulit
1970 2085 2150 2125 manipulos
2165 2094 2298 2124 operum

1333 2149 1430 2178 quam
1460 2140 1633 2178 susceperit
1660 2140 1785 2169 semina
1818 2146 2049 2178 preceptorum.
2082 2140 2172 2169 Hanc
2201 2139 2300 2177 igitur

1333 2198 1401 2233 post
1422 2193 1570 2232 profundi
1598 2193 1756 2223 sermonis
1778 2193 1969 2229 decursum,
1987 2193 2039 2222 cui
2056 2192 2117 2222 tale
2132 2191 2217 2222 dedit
2232 2191 2299 2221 ini-

1335 2247 1413 2276 tium
1438 2259 1443 2276 ε
1473 2248 1527 2276 Vas
1546 2248 1755 2283 animirabile‚
1778 2256 1852 2285 opus
1870 2247 1986 2282 excelsi,
2008 2246 2046 2275 de
2064 2245 2298 2275 venerabilium

1332 2300 1465 2330 fratrum
1482 2304 1511 2330 et
1522 2299 1716 2338 prelatorum
1730 2300 1877 2337 consilio,
1887 2299 1922 2328 in
1937 2303 2118 2328 sanctorum
2130 2297 2298 2336 cathalogo

1333 2353 1498 2384 sociavit¹.
1529 2354 1659 2392 Recepit
1685 2353 1805 2383 ibidem
1833 2352 1976 2382 Soldanii
1995 2352 2109 2381 Yconii
2129 2356 2158 2380 et
2182 2350 2298 2380 Batatii

1333 2407 1507 2437 Grecorum
1533 2407 1688 2445 principis
1717 2406 1922 2436 honorabiles
1955 2406 2101 2442 nuntios,
2131 2405 2166 2434 in
2193 2404 2299 2434 future

1333 2460 1538 2499 subjectionis
1550 2459 1701 2489 inditium
1715 2461 1851 2498 pretiosa
1866 2459 1950 2489 dona
1965 2463 2135 2497 portantes,
2154 2467 2208 2496 per
2220 2466 2299 2496 quos

1333 2518 1397 2543 tam
1413 2522 1466 2543 ore
1482 2522 1578 2551 quam
1592 2513 1711 2542 licteris
1726 2513 1906 2543 Christiane
1921 2511 2085 2549 religionis
2103 2511 2211 2541 subire
2227 2510 2297 2540 cul-

1332 2570 1435 2596 turam
1452 2570 1481 2595 et
1500 2566 1602 2596 redire
1617 2566 1657 2595 ad
1676 2566 1830 2595 unitatem
1855 2565 1992 2595 Ecclesie
2014 2564 2168 2594 catholice
2189 2568 2298 2602 postu-

1331 2619 1449 2649 labant.
1473 2619 1572 2657 Cujus
1593 2619 1791 2657 propositum
1813 2618 1958 2656 princeps
1980 2617 2036 2647 ille
2057 2617 2102 2647 sic
2123 2616 2297 2646 catholicus

1331 2672 1516 2711 impedivit,
1546 2671 1657 2701 salutis
1683 2671 1822 2701 Ecclesie
1849 2670 2007 2709 premium
2033 2670 2066 2699 in
2093 2669 2297 2699 commodum

1332 2725 1504 2764 temporale
1513 2729 1725 2761 commutans,
1737 2723 1899 2753 etculture
1909 2723 2030 2752 Christi
2043 2723 2121 2752 ritus
2134 2722 2298 2760 preferens

1332 2777 1593 2808 Machometi.Set
1602 2777 1801 2816 dispensator
1811 2775 1986 2805 munificus
1995 2775 2141 2814 pretiosis
2152 2773 2298 2804 remissis

1332 2831 1446 2866 eidem,
1456 2830 1592 2868 quedam
1604 2829 1719 2869 tapetia
1729 2829 1762 2858 in
1772 2829 1840 2866 sign
1847 2838 1864 2858 u
1871 2838 1900 2857 m
1909 2827 2087 2857 devotionis
2097 2827 2225 2865 accepit,
2235 2834 2298 2865 que

1332 2893 1386 2922 per
1398 2882 1621 2922 patriarchales
1633 2882 1727 2912 Urbis
1740 2881 1886 2911 ecclesias
1898 2879 2074 2910 liberaliter
2085 2878 2295 2918 dispensavit.

1332 3050 1354 3075 1.
1372 3049 1404 3075 ‘27
1422 3049 1476 3075 mai
1497 3049 1571 3075 1235.
