2423 3540
203 362 238 389 b'l
752 359 799 386 1AE
825 358 966 386 Limen
992 354 1225 385 CENSUUM
1252 354 1304 382 DE
1331 345 1515 382 L'EtililsE
1541 354 1750 383 HOMAINE.

241 427 426 453 ecelesiarum
446 427 572 459 ipsarum
591 424 852 456 manutem-bimus,
868 423 1105 449 conservabimus
1115 429 1147 446 ae.
1160 420 1209 445 de-

241 477 390 502 fendemus
408 484 456 509 pro
473 483 556 508 posse
574 478 687 504 nostro,
711 477 737 498 et
761 473 836 506 quod
858 473 979 498 ecclesie
999 471 1126 497 Romane
1143 478 1208 495 vas-

240 526 325 550 sallos
349 528 445 550 contra
465 522 607 556 justitiam
635 522 798 547 nullatenus
821 520 1015 546 offendemus:
1041 519 1160 544 devotos
1176 526 1208 543 ac

241 574 338 599 fideles
350 574 433 598 etiam
453 571 579 597 [ecclesie
596 571 622 596 in
641 569 760 603 imperio
772 571 947 595 constitutos
965 568 1089 601 benigne
1105 570 1208 592 tracta-

240 622 334 647 bimus
357 630 406 646 ne(-
423 629 472 645 (ἕως
494 623 592 645 contra
607 618 748 652 justitiam
773 618 986 652 opprimemus,
1004 620 1051 641 aut
1068 619 1207 649 quantum

240 672 266 696 in
287 670 368 695 nobis
389 670 439 694 erit
462 677 510 701 per
535 668 621 693 alium
644 667 765 700 opprimi
788 666 1010 695 sustinebimus,
1033 669 1077 690 set
1098 664 1124 689 in
1147 664 1208 689 suis

241 719 337 752 potius
350 718 466 751 juribus-
481 722 504 741 ei
521 717 652 749 justiciis
669 715 919 741 conservabimus.
933 714 980 739 Sic
995 721 1046 739 nos
1065 712 1144 738 Deus
1158 712 1209 737 ad-

237 770 320 801 juvet
336 772 362 792 et
380 770 478 791 sum-ta
501 765 551 791 l)ei
573 765 732 798 evangelia.
753 776 763 787 n
782 763 816 789 Et
840 764 977 789 continuo
993 771 1045 788 sue
1065 761 1209 787 sanctitati

240 816 651 849 subjunximusjuramentum
667 813 692 838 in
710 814 761 838 liat:
779 813 885 838 surina:
902 823 913 835 ι(
927 811 985 845 Ego
1002 810 1210 845 Sigisniundus

243 865 436 890 Romanorum
455 871 514 891 rex,
533 866 677 888 minuente
697 861 818 887 Domino
836 861 950 886 futurus
966 861 1131 894 imperator,
1145 866 1210 892 pro-

242 914 332 942 mitto¹
351 912 478 946 spondeo
501 916 528 937 et
547 912 680 945 polliceor
701 915 786 944 atque
804 911 871 943 juro
888 918 982 935 coram
1003 909 1062 934 Deo
1081 912 1109 933 et
1129 909 1210 933 beato

245 962 326 987 l'etro
345 970 387 987 ine
405 961 439 986 ‹le
455 964 550 986 cetero
569 965 756 994 protectorem
779 964 807 984 et
828 959 1007 990 defensorem
1027 958 1085 983 fore
1106 958 1211 983 summi

243 1010 385 1044 pontificis
403 1011 490 1043 liujus
507 1013 605 1035 sancte
622 1008 751 1034 Romane
766 1007 888 1033 ecclesie
902 1008 927 1033 in
941 1006 1077 1032 omnibus
1093 1014 1212 1031 necces-

242 1059 376 1085 sitatibus
399 1062 426 1083 et
451 1058 622 1084 utilitatibus
646 1058 722 1085 suis,
748 1056 939 1082 custodiendo
963 1060 991 1081 et
1013 1054 1212 1081 conservando

245 1109 460 1142 possessiones,
481 1107 604 1132 honores
620 1110 647 1131 et
660 1107 724 1139 jura
742 1106 822 1138 ejus,
842 1109 981 1139 quantum
1004 1104 1101 1130 divino
1124 1104 1213 1130 fultus

244 1158 322 1182 l'nero
339 1156 497 1189 adjutorio,
520 1155 680 1180 secundum
702 1155 777 1179 scire
796 1158 824 1180 et
848 1162 933 1188 posse
955 1162 1066 1185 meum,
1090 1156 1166 1178 recta
1186 1155 1214 1178 et

245 1213 313 1238 pura
334 1205 398 1230 fide.
417 1204 465 1229 Sic
488 1212 531 1229 ine
554 1203 633 1229 Dens
652 1203 768 1236 adjuvet
784 1206 811 1228 et
827 1206 925 1228 sancta
949 1201 999 1227 Dei
1020 1201 1179 1235 evangelia.
1199 1211 1211 1225 ι)

244 1253 304 1278 Nos
322 1253 416 1286 itaque
439 1261 486 1278 rex
509 1251 717 1285 sigismundus
741 1259 789 1285 pro
814 1251 914 1284 majori
938 1250 1070 1276 firmitate
1092 1250 1215 1284 premis-

244 1310 341 1327 sorum
365 1302 436 1327 banc
463 1302 592 1335 pagiuam
613 1300 759 1333 jussimus
782 1300 891 1334 typario
911 1307 996 1325 auree
1019 1299 1094 1324 bulte
1118 1302 1214 1324 nostre

244 1352 396 1376 eomuniri⁴
416 1350 518 1376 Datum
539 1350 644 1380 Rome,
665 1348 739 1382 apud
762 1353 893 1374 sanctum
915 1348 1044 1379 Petrum,
1062 1348 1089 1374 in
1107 1348 1216 1382 capella

245 1399 378 1430 Ossium,
404 1408 478 1425 anno
505 1399 618 1425 Domini
643 1398 794 1424 millesimo
818 1397 1103 1432 quadringentesimo
1128 1397 1216 1422 trice-

245 1457 319 1474 snno
345 1449 447 1481 tertio,
474 1448 518 1474 die
543 1448 641 1474 ultima
667 1447 747 1479 maii,
775 1455 928 1480 regnorum
952 1450 1114 1471 nostrorum
1141 1453 1216 1470 anno

247 1497 393 1531 Hungarie
410 1501 455 1523 etc
471 1497 692 1531 quadragesimo
709 1497 847 1530 septimo,
865 1495 1060 1521 Romanorum
1078 1495 1216 1520 vicesimo

247 1547 339 1576 tertio,
360 1546 495 1572 Boliemie
513 1545 680 1575 tredecimo,
698 1545 809 1578 imperii
827 1552 894 1570 vero
911 1544 1011 1578 primo.

698 1648 736 1673 12.

281 1741 444 1768 Notandum
459 1746 463 1761 Ι
480 1744 522 1766 est
539 1744 566 1766 et
578 1740 782 1766 attendendum
800 1739 875 1774 quod
890 1740 1017 1774 quinque
1035 1740 1144 1765 minuta
1158 1747 1219 1765 ser-

248 1790 314 1815 vitia
339 1798 394 1824 que
420 1790 572 1815 solvuntur
596 1798 644 1823 per
667 1789 791 1823 prelatos
814 1788 841 1814 in
865 1788 1095 1822 promotionibus
1119 1796 1218 1813 eorum

246 1838 414 1864 dividuntur
432 1838 614 1870 infrascripto
634 1837 727 1868 modo,
742 1836 876 1862 videlicet
889 1836 957 1870 quia
974 1844 1062 1861 uuum
1079 1836 1222 1870 recipiunt

247 1886 344 1912 clerici
365 1886 477 1919 collegii
500 1890 527 1911 et
548 1885 633 1911 debet
653 1885 786 1911 distribui
810 1885 884 1911 inter
909 1885 1062 1911 familiares
1086 1885 1220 1910 domino-

248 1945 309 1962 rum
331 1935 516 1962 cardinalium
539 1944 589 1969 per
608 1934 701 1960 dirtos
722 1935 842 1960 clericos
865 1935 988 1967 collegii.
1008 1934 1138 1965 Quatuor
1154 1941 1221 1959 vero

1326 420 1443 445 servitia
1469 428 1524 453 que
1551 423 1659 445 restant
1687 423 1902 445 consueverunt
1928 419 2015 453 recipi
2048 428 2096 453 per
2120 427 2299 453 campsorem

1325 476 1463 499 camere;
1495 468 1544 502 qui
1571 476 1704 502 campsor
1731 468 1774 493 bis
1800 467 1826 493 in
1854 476 1944 497 anno,
1973 467 2105 493 videlicet
2131 467 2203 494 infra
2229 468 2300 495 resta

1326 515 1435 542 Natalis
1460 516 1574 542 Domini
1598 520 1626 541 et
1651 516 1677 542 in
1698 515 1855 542 Nativitate
1874 515 2017 541 autminus
2037 515 2163 550 Baptiste
2180 516 2302 543 calculat

1326 573 1391 591 cuin
1413 566 1526 591 clericis
1547 573 1660 591 camere
1681 569 1709 591 et
1725 565 1810 591 solvit
1831 569 1937 597 totum,
1955 568 1983 590 et
2000 573 2075 590 unus
2092 573 2125 590 ex
2142 564 2228 591 dictis
2244 565 2303 591 cle-

1328 613 1394 639 ricis
1410 613 1557 639 distribuit
1574 614 1600 639 in
1623 614 1699 639 hunc
1724 612 1851 639 modum.
1874 613 1970 639 Unum
1989 613 2138 639 servitium
2158 614 2301 647 integrum

1327 662 1408 687 datur
1435 662 1552 687 domino
1579 661 1829 694 vicecancellario,
1854 666 1882 687 ct
1908 662 1968 695 ipse
1993 661 2130 687 dominus
2156 661 2302 687 distribuit

1328 711 1488 736 secundum
1509 710 1623 736 modum
1641 711 1821 736 cancellarie.
1840 709 2005 736 Secundum
2027 711 2177 736 servitium
2200 709 2303 736 dividi·

1328 764 1374 785 tur
1391 759 1418 784 in
1436 764 1494 784 tres
1512 764 1746 792 pai·tes,quaruin
1760 759 1831 784 duas
1845 759 1928 784 habet
1939 758 2074 784 dominus
2090 759 2265 785 camerarius
2276 761 2305 784 et

1329 817 1412 833 unam
1431 808 1526 834 clerici
1544 816 1666 834 camere.
1683 808 1810 833 Tertium
1824 808 1973 833 servitium
1985 807 2123 833 dividitur
2137 807 2163 833 in
2180 811 2304 841 quatuor

1329 861 1438 890 partes,
1459 865 1580 890 quarum
1604 856 1676 882 duas
1701 856 1806 882 liabent
1828 856 1966 890 capellani
1988 856 2218 889 commensales;
2244 864 2303 882 ina-

1329 905 1410 938 gistri
1429 905 1538 931 ostiarii
1558 905 1662 930 liabent
1681 914 1764 930 unam
1782 905 1863 930 aliam
1882 909 2001 938 partein,
2014 908 2041 929 et
2057 904 2108 938 ipsi
2126 904 2305 931 distribuunt

1330 954 1404 980 inter
1421 958 1478 980 tres
1501 958 1606 987 partes.
1627 953 1747 987 Reliqua
1767 962 1830 987 pars
1847 957 1946 987 quarta
1963 953 2100 978 dividitur
2119 954 2144 979 in
2162 953 2250 983 duas,
2269 961 2304 979 ex

1329 1004 1436 1037 quibus
1467 1012 1551 1028 unam
1582 1003 1685 1029 liabent
1713 1002 1823 1028 osum-ii
1851 1007 1930 1036 porte
1960 1003 2065 1034 ferree,
2090 1002 2172 1027 aliam
2201 1002 2306 1028 liabent

1331 1052 1499 1078 cubicularii
1521 1052 1629 1077 domini
1656 1052 1756 1077 nostri.
1783 1051 1922 1083 Quartum
1947 1051 2097 1077 servitium
2120 1050 2256 1076 dividitur
2278 1050 2304 1076 in

1331 1102 1402 1126 <luas
1430 1105 1535 1135 partes.
1555 1100 1649 1126 Primo
1666 1105 1693 1126 et
1709 1100 1743 1126 de
1762 1108 1816 1126 una
1835 1100 1971 1134 partium.
1990 1099 2122 1125 videlicet
2140 1099 2306 1132 medietate,

1332 1149 1462 1175 scutiferi
1476 1150 1593 1175 lionoris
1611 1149 1715 1174 babent
1729 1153 1786 1174 tres
1799 1152 1893 1182 partes
1910 1153 1937 1173 et
1953 1156 2088 1173 cursores
2102 1147 2205 1173 liabent
2220 1155 2307 1181 quar-

1332 1202 1402 1224 tum.
1422 1197 1455 1223 Et
1473 1202 1538 1223 nota
1554 1198 1629 1232 quod
1649 1198 1675 1223 in
1695 1205 1813 1222 numero
1831 1197 2034 1222 scutiferorum
2054 1197 2170 1222 lionoris
2187 1204 2308 1230 compu-

1334 1247 1385 1272 tari
1406 1247 1488 1272 debet
1512 1246 1649 1279 magister
1673 1246 1799 1271 vasmlle.
1832 1245 1953 1278 Reliqua
1979 1244 2116 1270 medietas
2140 1244 2308 1277 hujusmodi

1335 1296 1425 1321 ultimi
1451 1294 1564 1320 servitii
1591 1294 1727 1320 dividitur
1754 1294 1779 1319 in
1809 1294 1992 1328 septuaginta
2021 1301 2116 1319 unam.
2142 1293 2308 1319 Sei-vientes

1334 1352 1477 1370 armorum
1496 1344 1602 1369 liabent
1620 1347 1715 1378 partes
1733 1343 1921 1377 quadraginta
1937 1350 2049 1371 noveni,
2065 1342 2200 1376 pancterii
2215 1345 2309 1376 partes

1335 1398 1410 1424 tres,
1430 1393 1552 1418 butilerii
1572 1397 1666 1426 partes
1683 1396 1758 1423 tres,
1777 1391 1913 1425 magister
1931 1399 2070 1424 equorum
2094 1395 2202 1424 partem
2225 1398 2308 1416 unam

1334 1445 1363 1467 et
1379 1442 1499 1467 mediam
1512 1462 1518 1474 ‚
1536 1441 1660 1467 clericus
1678 1440 1808 1474 magistri
1829 1448 1968 1474 equorum
1989 1445 2097 1474 partem
2119 1448 2213 1472 unam,
2232 1439 2310 1474 pale·

1336 1491 1451 1516 frenarii
1478 1495 1574 1524 partes
1597 1490 1740 1524 quinque,
1769 1490 1907 1522 magister
1932 1493 2088 1523 pangnotte
2108 1493 2203 1523 partes
2227 1488 2310 1519 duas,

1336 1540 1459 1566 clericus
1475 1539 1599 1573 coquine
1618 1543 1725 1572 partein
1746 1547 1840 1570 unam,
1859 1538 2014 1563 bullatores
2035 1542 2130 1572 partes
2145 1537 2228 1569 duas,
2247 1545 2312 1571 por-

1337 1589 1400 1614 terii
1419 1588 1508 1622 prime
1527 1591 1607 1621 porte
1625 1592 1732 1621 partem
1751 1595 1846 1620 unam,
1862 1594 2040 1620 supracocus
2057 1589 2165 1620 partem
2184 1594 2267 1612 unam
2285 1589 2312 1611 et

1338 1638 1472 1669 inediam,
1492 1637 1615 1663 brodarii
1634 1641 1740 1671 partem
1761 1645 1855 1662 unam.
1876 1635 2018 1661 Dividitur
2032 1635 2182 1661 servitium
2199 1635 2313 1661 cancel-

1338 1687 1404 1713 larie
1421 1687 1447 1712 in
1466 1690 1530 1712 octo
1549 1690 1662 1720 partes:
1678 1694 1761 1711 unani
1775 1685 1916 1718 integram
1930 1684 2031 1718 recipit
2042 1683 2310 1713 vicecancellarius:

1339 1744 1394 1762 una
1410 1736 1497 1761 altera
1516 1742 1582 1769 pars
1602 1734 1740 1760 dividitur
1761 1734 1901 1768 equaliter
1919 1734 1991 1759 inter
2006 1732 2183 1764 auditorem.
2200 1735 2313 1758 contra-

1338 1785 1477 1811 dictorem
1513 1788 1541 1810 et
1575 1788 1767 1809 correctorem
1800 1783 1958 1808 litterarum
1988 1781 2210 1816 apostolicarum
2225 1789 2230 1812 ;
2262 1788 2312 1807 sex

1340 1838 1434 1869 partes
1459 1834 1563 1859 dantur
1590 1832 1835 1867 prothonotafflis,
1861 1836 1889 1857 ct
1913 1830 2052 1857 dividitur
2077 1831 2151 1856 inter
2177 1830 2241 1856 illos
2265 1831 2314 1864 qui

1339 1883 1454 1909 suerunt
1473 1886 1622 1916 presentes
1638 1890 1671 1907 eo
1688 1885 1817 1915 tempore
1834 1889 1890 1913 quo
1907 1880 2022 1905 suerunt
2036 1878 2188 1904 distribute
2205 1877 2315 1904 minute

1339 1932 1497 1958 litterarum
1517 1930 1706 1965 promotionis
1721 1929 1848 1964 episcopi
1867 1929 2015 1954 solventis.

944 2077 981 2109 4⁰
1009 2075 1123 2109 Daris
1152 2074 1183 2108 le
1210 2073 1421 2108 Parisinus
1448 2071 1572 2106 4188.

704 2216 742 2241 123,

289 2292 382 2318 bettre
398 2293 434 2318 du
453 2294 492 2319 roi
509 2293 560 2318 des
578 2292 718 2318 Romains
736 2291 823 2318 Henri
839 2291 893 2317 VII
909 2300 942 2317 au
962 2300 1032 2325 pape
1044 2290 1173 2316 Clement
1189 2290 1223 2320 V,

255 2402 278 2427 1.
300 2401 379 2427 Tarif
394 2401 428 2426 de
445 2401 609 2435 repartition
628 2401 679 2427 des
695 2401 785 2426 droits
806 2402 904 2426 verses
925 2408 974 2434 par
991 2400 1031 2425 les
1048 2398 1152 2433 prelals
1169 2399 1226 2424 lors

217 2449 252 2475 de
270 2450 330 2475 leur
348 2451 521 2484 promotion.

1344 2217 1518 2247 proniettant
1540 2214 1573 2238 ‹le
1598 2212 1751 2238 maintenir
1773 2216 1801 2237 et
1822 2212 1856 2237 de
1877 2213 2010 2245 protegor
2032 2215 2098 2236 tous
2114 2211 2155 2236 les
2171 2210 2262 2236 droits
2277 2209 2314 2235 du

1343 2268 1539 2301 Saint-Si'ege.
1566 2283 1598 2286 —
1626 2267 1794 2300 Lausannc‚
1823 2268 1850 2293 ll
1878 2266 1994 2293 octobre
2022 2266 2100 2292 13¹0.
2131 2280 2163 2285 —
2194 2266 2317 2291 Fer-uenti

1342 2325 1484 2350 desiderio.

1379 2380 1513 2412 leiner,
1532 2381 1593 2407 sod.
1610 2381 1689 2413 ‹lspl.,
1709 2384 1728 2406 t.
1749 2379 1770 2409 I,
1788 2388 1815 2414 p.
1832 2379 1892 2410 439,
1913 2385 1942 2405 nu
1958 2379 2021 2406 61⁶2.
