2402 3592
190 360 224 389 16

729 358 778 386 LE
803 358 945 386 LIBER
967 356 1200 387 CENSUUM
1223 357 1277 386 DE
1301 349 1486 386 L’EGLISE
1510 356 1717 387 ROMAINE.

229 426 362 455 rendum
381 425 507 459 auditu,
525 424 607 462 quod
625 423 787 453 Galvanus
810 423 930 452 Lancee
948 423 1183 461 dampnationis

229 479 313 507 tilius
337 483 366 507 et
389 477 513 506 emulus
535 477 685 513 veritatis,
711 476 765 514 qui
788 476 907 505 dudum
928 476 1060 505 eandem
1082 475 1181 505 eccle-

229 533 306 560 siam
330 540 399 560 cuni
430 531 494 559 suis
520 530 662 559 hostibus
689 530 760 559 totis
783 529 905 558 viribus
931 529 1031 558 extitit
1056 528 1183 567 publice

229 588 425 622 persecutns,
444 582 565 620 pridem
586 583 617 610 in
638 581 714 611 festo
731 581 812 611 beati
830 582 911 610 Luce
929 581 1044 610 dictam
1062 581 1183 611 Urbem

230 641 369 675 patenter
382 635 576 673 ingrediens,
589 636 679 672 signa
692 634 858 664 Cori-adini
869 635 906 664 de
920 643 1078 664 venenosa
1090 635 1184 672 stirpe

229 689 386 727 qnondam
406 688 558 717 Friderici
576 688 658 717 ‹licte
676 688 881 726 persecutoris
898 687 1040 722 ecclesie,
1056 696 1118 717 non
1136 688 1184 717 vi-

233 742 304 771 tatis
321 742 379 770 Dei
396 740 588 770 contumelia
605 746 634 769 et
650 740 749 778 ipsius
765 741 933 778 obprobrio
948 740 1113 778 principis,
1132 749 1184 770 ex-

231 795 346 833 plicare
361 793 562 832 presumpsit,
577 802 611 822 ac
626 792 693 822 loca
705 793 882 830 specialiter
896 793 1054 827 Laterani,
1072 793 1110 822 ad
1123 802 1185 831 que

229 847 437 884 ingredienda
463 846 522 875 viri
553 847 646 876 etiam
672 846 749 884 justi
775 846 825 875 vix
852 846 942 883 digni
968 850 1042 875 sunt
1071 846 1184 883 habiti,

229 901 350 938 pompis
377 900 612 929 lascivientibus
637 900 771 928 circuire
798 908 833 928 ac
863 899 980 928 ibidem
1005 899 1185 937 hospicium

229 955 366 991 recipere
379 962 442 982 non
457 953 592 990 expavit,
607 961 798 991 quecunque
810 957 909 990 potest
926 952 958 981 iu
974 952 1184 982 offensionem

230 1012 367 1036 nostram
390 1010 419 1035 et
443 1006 582 1043 ejusdem
605 1005 736 1035 ecclesie
757 1014 790 1034 ac
814 1006 971 1034 carissimi
1000 1005 1035 1034 111
1059 1005 1187 1035 Christo

229 1059 289 1088 filii
307 1059 406 1088 nostri
423 1058 458 1088 C.
477 1058 585 1088 Sicilie
606 1059 689 1096 regis
710 1058 863 1094 illustris,
889 1067 943 1097 pro
964 1058 1138 1088 miserabili
1158 1063 1188 1088 et

230 1112 380 1150 nepharia
403 1111 582 1150 proditione
605 1116 812 1150 pertractans,
838 1113 1049 1142 irreverenter
1070 1111 1187 1141 oblitus

230 1165 313 1203 quod
330 1164 407 1195 olim
426 1165 530 1203 ipsum
547 1164 585 1193 ad
602 1164 732 1194 ecclesie
749 1164 1001 1194 misericordiam
1021 1174 1075 1204 per
1095 1174 1186 1194 vene-

230 1218 361 1247 rabilem
381 1218 511 1247 fratrem
528 1222 671 1247 nostrum
687 1239 707 1248 ..
726 1218 907 1256 episcopum
924 1218 1187 1248 Terracinensem

231 1279 302 1300 cum
329 1270 417 1300 illius
437 1271 643 1308 benignitatis
662 1274 691 1299 et
713 1270 971 1300 mansuetudinis
986 1270 1188 1309 plenitudine

233 1324 328 1362 recipi
345 1324 487 1360 fecimus,
508 1324 591 1362 quod
612 1324 717 1353 forsan
732 1323 771 1352 ab
788 1323 949 1362 aliquibus
964 1325 1188 1363 reputabamur

234 1377 266 1406 111
285 1377 352 1415 ipso
368 1385 535 1406 censuram
548 1376 669 1415 justitie
686 1376 826 1414 plenarie
843 1385 907 1406 11011
922 1386 1063 1406 servasse
1075 1377 1124 1407 vel
1138 1386 1189 1416 po-

235 1431 296 1459 tius
307 1431 461 1460 omisisse.
474 1431 563 1459 Tunc
574 1430 660 1459 enim
674 1430 740 1468 ipse
753 1430 931 1460 devotionis
945 1435 975 1460 et
990 1431 1189 1469 penitudinis

233 1483 325 1521 signa
340 1483 530 1522 pretendens
547 1483 578 1512 in
604 1484 753 1513 manibus
770 1484 845 1513 dicti
862 1484 1016 1522 episcopi,
1034 1485 1116 1514 510111
1130 1485 1190 1515 1100

233 1542 298 1566 erat
319 1537 347 1566 ei
368 1536 552 1565 auctoritate
576 1541 681 1566 nostra
701 1538 927 1574 commissum,
950 1539 1071 1576 precise
1095 1546 1190 1577 spon-

234 1595 325 1628 teque
343 1591 462 1628 juravit
484 1590 571 1619 tactis
592 1591 799 1620 sacrosanctis
816 1591 1008 1629 evangeliis,
1028 1592 1144 1622 nostris
1162 1597 1192 1622 et

233 1642 362 1672 ecclesie
385 1643 568 1672 omnimodo
592 1652 700 1681 parere
723 1644 899 1681 mandatis,
926 1653 987 1683 que
1008 1646 1067 1674 sibi
1092 1646 1192 1676 semel

236 1695 282 1724 vel
303 1695 420 1734 pluries
436 1705 490 1733 per
507 1704 562 1725 1105
578 1705 632 1725 5011
652 1704 706 1734 per
722 1697 874 1726 nuntium
896 1702 950 1726 3111
969 1697 1091 1728 litteras
1108 1699 1191 1728 face-

236 1758 361 1785 remus3
383 1750 435 1778 0111
458 1749 584 1778 tandem
611 1749 695 1778 inter
717 1749 780 1779 alia
805 1750 865 1780 fnit
888 1751 1088 1789 injunctum,
1108 1753 1193 1791 quod

235 1802 318 1831 infra
345 1806 465 1831 certum
499 1808 620 1840 tempus
648 1804 855 1841 personaliter
884 1813 916 1834 se
948 1806 1131 1836 transferret
1158 1807 1192 1836 in

235 1855 410 1885 subsidium
438 1856 532 1885 Terre
560 1856 691 1892 Sancte,
722 1857 771 1886 vel
801 1862 917 1887 certam
950 1859 1027 1888 illuc
1059 1860 1193 1898 propriis

235 1909 413 1947 sumptibus
426 1909 564 1938 mitteret
578 1909 716 1939 militum
729 1911 951 1949 quantitatem.
966 1912 1116 1951 idemque
1131 1919 1190 1943 tam

235 1962 273 1992 ad
291 1962 346 1992 hoc
363 1971 457 2000 qnam
475 1963 512 1991 ad
532 1962 595 1991 alia
615 1963 764 1993 mandata
785 1969 890 1993 nostra
909 1973 941 1994 50
962 1965 1021 1995 sub
1042 1966 1193 2003 gravibus

236 2016 323 2054 penis
340 2019 368 2044 et
383 2015 624 2045 condicionibus
638 2015 802 2054 obligavit,
820 2022 913 2055 prout
930 2017 1121 2049 documenta
1132 2029 1192 2058 pu-

235 2068 317 2098 blica
343 2068 418 2097 inde
445 2068 584 2098 confecta
609 2078 670 2107 que
694 2069 874 2099 archivium
897 2071 1038 2108 ejusdem
1059 2072 1192 2103 ecclesie

235 2121 389 2155 continet,
412 2121 596 2150 evidencius
613 2122 828 2152 manifestant.
849 2124 942 2153 Unde
961 2133 1031 2153 cum
1055 2125 1094 2155 de
1115 2125 1190 2162 hiis,

237 2174 331 2204 veluti
352 2175 439 2204 sedus
455 2184 526 2204 cum
543 2180 644 2204 morte
663 2176 828 2213 pepigerit,
847 2177 947 2206 nichil
962 2179 1120 2208 curaverit
1134 2180 1190 2210 ob-

236 2236 370 2263 servare,
387 2233 432 2257 set
448 2229 479 2256 in
496 2228 711 2266 dampnabilis
728 2229 846 2258 erroris
862 2230 975 2259 itinere
989 2232 1190 2269 constitutus,

236 2290 292 2310 nos
314 2285 343 2310 et
361 2281 492 2310 eandem
513 2281 676 2310 ecclesiam
695 2290 832 2321 suosque
852 2283 961 2313 fideles
978 2285 1048 2314 totis
1067 2285 1193 2315 nisibus

235 2334 393 2363 ostendere
419 2334 584 2371 moliatur,
616 2334 778 2364 devotioni
810 2341 911 2366 vestre
940 2347 994 2375 per
1023 2338 1193 2376 apostolica

235 2388 349 2426 scripta
361 2411 368 2424 ,
399 2387 433 2416 in
462 2388 578 2417 virtute
606 2388 785 2419 obedientie
815 2390 951 2420 firmiter
977 2392 1191 2431 precipiendo,

234 2440 421 2470 mandamus
444 2441 595 2479 quatinus
618 2442 688 2472 sine
713 2442 864 2473 dilatione
887 2443 1030 2482 qualibet
1054 2445 1192 2475 eundem

234 2494 272 2523 G.
287 2494 312 2522 si
327 2493 424 2523 fuerit
439 2494 473 2523 in
490 2494 586 2531 Urbe,
605 2503 640 2524 ex
654 2499 742 2533 parte
753 2500 861 2525 nostra
872 2498 1080 2536 peremptorie
1096 2498 1192 2528 citare

234 2547 359 2583 curetis,
374 2552 408 2576 ut
420 2547 503 2576 infra
513 2548 627 2577 festum
639 2548 721 2578 beati
733 2549 866 2579 Martini
880 2550 1023 2588 proximo
1033 2551 1190 2587 futurum,

234 2599 441 2638 personaliter
453 2600 622 2638 apostolico
639 2610 670 2630 se
686 2602 866 2640 conspectui
880 2607 1084 2641 representet,
1099 2613 1193 2642 super

233 2652 398 2690 premissis
422 2657 452 2682 et
471 2652 542 2682 aliis
564 2663 626 2692 que
647 2654 708 2684 sibi
731 2654 967 2685 decreverimus
992 2656 1193 2694 injungenda

236 2705 351 2734 nostris
377 2705 535 2735 mandatis
564 2710 593 2736 et
620 2706 827 2746 beneplacitis
856 2708 1028 2747 pariturus.
1057 2709 1193 2739 Denun-

237 2758 350 2787 tiantes
368 2759 471 2788 eidem
493 2759 576 2797 quod
595 2760 621 2789 si
637 2769 728 2790 secus
743 2761 846 2790 facere
861 2762 940 2792 sorte
955 2764 1190 2801 contempserit,

236 2819 292 2840 nos
310 2816 339 2840 et
356 2815 429 2840 tunc
447 2816 475 2840 et
490 2816 595 2850 postea
611 2817 718 2842 contra
736 2823 820 2849 eum,
839 2814 972 2844 heredes
988 2819 1017 2845 01
1033 2815 1095 2845 3113
1110 2815 1194 2846 hona

237 2874 292 2893 sna
308 2866 453 2901 graviter,
474 2868 597 2894 auctore
615 2866 771 2901 Domino,
790 2871 882 2905 prout
898 2869 966 2906 ejus
982 2869 1121 2906 exegerit
1136 2878 1193 2899 110-

236 2917 338 2956 quitia
351 2918 564 2955 procedemus.
581 2920 766 2949 Processum
783 2926 887 2950 autem
905 2931 1000 2960 quem
1013 2923 1046 2951 in
1064 2923 1122 2952 hoc
1137 2933 1193 2962 per

236 2978 289 2998 vos
306 2969 415 2998 haberi
432 2971 617 3008 contigerit,
637 2972 727 3001 nobis
743 2982 798 3010 per
814 2973 1064 3003 instrumentum
1083 2974 1192 3013 publi-

236 3030 307 3051 cum
330 3022 473 3052 celeriter
493 3029 521 3052 et
544 3024 678 3054 fideliter
696 3025 871 3062 intimetis,
893 3026 971 3056 illud
995 3037 1048 3065 per
1063 3028 1191 3058 fidelem

1306 423 1457 452 nuntium
1479 423 1711 453 transmissuri.
1734 423 1822 459 Quod
1843 424 1869 452 si
1893 432 1955 453 non
1976 432 2086 453 omnes
2111 425 2170 454 hiis
2192 434 2264 454 exe-

1306 474 1441 512 quendis
1459 475 1620 513 potueritis
1639 475 1791 504 interesse
1804 499 1810 510 ,
1827 474 1927 513 aliqui
1944 481 2081 504 vestrum
2105 485 2139 505 ea
2160 476 2264 505 nichi-

1306 526 1447 557 lominus
1471 531 1678 566 exequantur.
1707 527 1754 556 Ne
1775 536 1848 557 vero
1868 527 1951 556 idem
1968 527 2006 557 G.
2024 532 2170 558 causetur
2187 529 2265 559 forte

1306 579 1457 609 veniendi
1483 579 1679 618 periculum,
1698 589 1754 610 nos
1770 580 1797 609 ei
1816 585 1846 609 et
1864 580 1984 610 familie
2001 590 2055 610 sue
2071 581 2105 610 in
2123 581 2266 620 personis

1307 637 1336 661 et
1352 632 1456 668 bonis,
1473 632 1652 662 accedendo
1670 638 1794 671 propter
1812 633 1869 663 hoc
1886 634 1924 662 ad
1941 633 2047 663 sedem
2064 634 2265 672 apostolicam

1306 690 1337 714 et
1352 685 1506 715 morando
1522 686 1604 724 apud
1619 695 1687 715 eam
1703 695 1738 715 30
1754 686 1916 716 redeundo
1931 686 1970 716 ab
1986 688 2064 724 ipsa,
2080 686 2206 726 plenam
2221 695 2267 717 se-

1307 738 1474 768 curitatem
1487 739 1640 768 duximus
1649 740 1832 769 auctoritate
1841 739 2010 778 apostolica
2019 740 2264 770 concedendam.

1308 791 1426 820 Datum
1440 791 1587 828 Viterbii,
1606 792 1670 821 XII
1687 792 1840 822 kalendas
1856 793 2049 830 novembris,
2064 801 2149 823 anno
2166 792 2266 823 tertio.

1754 925 1769 933 ‚-

1759 937 1766 953 l

1349 1043 1505 1073 Dilectis¹
1532 1044 1608 1073 filiis
1636 1044 1797 1074 nobilibus
1823 1044 1900 1074 viris
1927 1044 2067 1074 dominis
2095 1044 2132 1074 de
2159 1045 2271 1074 Trebis

1310 1097 1427 1127 nostris
1438 1103 1468 1127 et
1480 1097 1611 1127 ecclesie
1627 1098 1770 1127 Romane
1782 1097 1930 1127 fidelibus
1942 1098 2114 1135 Anagnine
2125 1097 2269 1128 diocesis.

1348 1151 1544 1189 Conquestio
1567 1157 1670 1181 vestra
1698 1152 1789 1182 nobis
1821 1153 1959 1190 exposita
1983 1151 2166 1181 continebat
2187 1151 2272 1190 quod

1310 1204 1509 1243 possessione
1533 1204 1717 1243 temporalis
1736 1204 1973 1242 J'urisdictionis
1990 1204 2084 1234 castri
2102 1204 2140 1234 de
2161 1203 2273 1234 Trebis

1310 1257 1348 1286 ad
1373 1266 1427 1287 vos
1449 1258 1627 1295 pertinente
1649 1257 1753 1286 fuistis
1771 1257 1955 1287 auctoritate
1971 1256 2183 1296 quorumdam
2201 1265 2273 1294 pre-

1310 1310 1513 1340 decessorum
1540 1315 1718 1340 nostrorum
1747 1310 1967 1340 Romanorum
1990 1309 2176 1349 pontificum
2198 1308 2274 1339 hac-

1313 1368 1406 1392 tenus
1423 1363 1576 1392 destituti.
1602 1364 1695 1394 Unde
1715 1373 1786 1393 cum
1810 1363 2030 1393 invenerimus
2051 1372 2104 1393 vos
2122 1363 2222 1393 tuisse
2239 1362 2274 1392 in

1311 1417 1508 1455 possessione
1522 1417 1758 1454 jurisdictionis
1771 1418 1926 1455 ejusdem,
1941 1416 2014 1447 licet
2026 1425 2091 1446 non
2107 1416 2275 1446 credamus

1312 1469 1350 1499 ad
1367 1470 1605 1500 destitutionem
1623 1470 1806 1508 hujusmodi
1827 1471 1946 1508 absque
1962 1474 2046 1499 certa
2066 1478 2160 1499 causa
2176 1469 2275 1499 fuisse

1313 1531 1508 1561 processum,
1523 1528 1627 1553 tamen
1642 1523 1679 1552 ad
1694 1523 1781 1552 illam
1796 1523 2026 1562 possessionem
2044 1523 2077 1551 in
2092 1531 2153 1561 qua
2169 1521 2275 1552 fuistis

1314 1576 1485 1615 apostolica
1499 1584 1553 1605 vos
1566 1576 1751 1606 auctoritate
1765 1576 1974 1612 restituimus,
1989 1575 2121 1605 ecclesie
2131 1575 2277 1605 Romane

1311 1630 1440 1669 juribus
1462 1638 1516 1668 per
1538 1630 1647 1660 omnia
1668 1639 1793 1668 semper
1809 1629 1915 1659 salvis.
1936 1629 2032 1658 Vobis
2051 1633 2156 1658 autem
2178 1633 2208 1658 et
2222 1637 2277 1667 per

1316 1692 1368 1713 vos
1381 1682 1553 1712 heredibus
1567 1687 1597 1712 et
1608 1682 1842 1712 successoribus
1858 1682 1979 1718 vestriS,
1997 1681 2056 1711 sub
2073 1690 2154 1720 pena
2169 1681 2277 1720 priva-

1316 1736 1411 1766 tionis
1423 1735 1658 1774 jurisdictionis
1675 1735 1817 1773 ejusdem
1830 1739 1860 1764 et
1872 1735 2018 1764 omnium
2035 1735 2191 1764 bonorum
2208 1743 2277 1764 ves—

1317 1795 1437 1819 trorum
1449 1798 1511 1827 que
1525 1789 1661 1824 habetis,
1677 1788 1735 1818 suh
1751 1788 1892 1826 ejusdem
1905 1788 2034 1818 ecclesie
2048 1788 2190 1818 dominio
2206 1797 2278 1818 auc-

1317 1843 1440 1872 toritate
1462 1841 1658 1880 presentium
1680 1842 1854 1870 districtius
1872 1841 2056 1870 inhibemus
2073 1850 2112 1870 ne
2124 1841 2277 1880 jurisdic-

1318 1896 1435 1925 tionem
1448 1896 1548 1932 ipsam
1564 1895 1713 1933 cuiquam
1729 1894 1866 1923 vendere
1879 1893 1929 1923 vel
1942 1893 1974 1922 in
1992 1894 2090 1923 alium
2108 1893 2279 1923 transferre

1315 1948 1428 1987 quovis
1453 1947 1659 1977 alienationis
1682 1956 1799 1984 genere
1823 1947 2030 1985 presumatis,
2055 1947 2174 1985 absque
2194 1946 2278 1976 sedis

1313 2000 1486 2039 apostolice
1515 2000 1646 2030 licentia
1670 2000 1814 2038 speciali,
1844 2000 1979 2029 faciente
2007 1999 2132 2037 plenam
2163 2003 2193 2029 et
2222 2009 2276 2029 ex-

1315 2064 1455 2093 pressam
1472 2055 1510 2084 de
1532 2054 1732 2092 presentibus
1748 2053 1959 2083 mentionem.
1984 2052 2076 2082 Nulli
2095 2061 2186 2090 ergo,
2204 2056 2276 2089 etc.,

1315 2112 1420 2138 nostre
1430 2108 1640 2137 restitutionis
1653 2112 1682 2136 et
1695 2107 1913 2142 inhibitionis,
1927 2111 1984 2136 etc.
2002 2106 2117 2135 Datum
2128 2105 2275 2142 Viterbii,

1315 2162 1363 2191 III
1380 2161 1444 2191 kal.
1460 2161 1581 2200 aprilis,
1596 2169 1682 2190 anno
1697 2165 1820 2199 quarto.

1762 2294 1791 2323 8.

1357 2438 1376 2444 ..
1391 2417 1402 2435 2
1426 2414 1597 2444 castellano
1620 2413 1820 2444 Fummonis.
1847 2412 2056 2451 Conquestio,
2079 2416 2151 2449 etc.,
2173 2411 2277 2442 verbis

1314 2472 1529 2507 competenter
1553 2467 1683 2497 mutatis
1710 2475 1811 2505 usque
1840 2466 2055 2501 mentionem3
2087 2464 2277 2495 mandamus

1314 2521 1466 2561 quatinus
1497 2521 1622 2551 eosdem
1649 2519 1795 2550 dominos
1823 2519 1862 2548 ad
1887 2519 2003 2548 dictam
2033 2518 2276 2557 possessionem,

1311 2575 1403 2614 juxta
1416 2575 1553 2604 formam
1565 2572 1752 2612 hujusmodi
1766 2576 1873 2602 nostre
1889 2571 2100 2602 restitutionis
2113 2571 2274 2601 admittas.

1272 2626 1274 2628 ’
1315 2628 1429 2657 Datum
1449 2632 1482 2657 ut
1500 2636 1606 2666 supra.

1312 2839 1337 2866 1.
1354 2838 1483 2872 vitei-be,
1502 2838 1534 2865 30
1552 2847 1626 2865 mars
1645 2838 1721 2865 1268.
1739 2852 1771 2856 e«
1788 2837 1825 2863 Le
1843 2845 1912 2871 pape
1929 2835 2058 2863 Clement
2072 2835 2111 2862 IV
2130 2838 2220 2862 remet
2236 2835 2278 2861 les

1275 2888 1428 2921 seigneur-s
1451 2887 1485 2912 de
1505 2887 1587 2913 Trevi
1608 2896 1642 2912 en
1667 2886 1833 2920 possession
1856 2885 1890 2911 de
1911 2886 1971 2911 leur
1990 2885 2128 2915 autor-ite,
2150 2884 2219 2910 dont
2241 2883 2277 2909 its

1275 2935 1388 2962 avaient
1402 2937 1446 2961 ete
1462 2936 1556 2970 prives
1569 2937 1818 2961 antei-icurement.

1310 2983 1337 3011 2.
1357 2983 1448 3010 Meme
1465 2983 1539 3010 dato.
1557 2983 1802 3009 Communication
1827 2991 1862 3008 au
1886 2981 2023 3008 Chatelain
2044 2981 2077 3007 de
2099 2980 2225 3007 Fumone
2242 2980 2276 3006 de

1277 3032 1302 3059 la
1318 3032 1446 3059 decision
1464 3032 1598 3067 indiquee
1614 3032 1684 3058 dans
1701 3032 1782 3057 l'acte
1799 3030 1963 3065 precedent.
