2455 3560
615 354 664 384 1,ss
687 353 832 383 LIBER
854 350 1086 382 CENSUUM
1109 349 1164 379 DE
1186 339 1372 378 L‘EiGLISE
1394 346 1603 376 ROMAINE.
2109 340 2146 372 35

111 425 190 456 hore
220 423 340 453 reducti
357 434 364 459 3
395 421 552 461 Spellani,
583 420 834 454 Cocor011enseS‚
866 417 1071 452 Mevaniates,

113 477 354 511 Bictonienses,
374 475 430 514 qui
450 474 565 513 pignus
587 472 686 503 infide
703 471 774 501 fidei
792 470 922 500 cuilibet
937 470 1074 499 offerunt

115 530 313 566 transeunti,
345 527 504 558 mandatis
533 527 602 565 ejus
631 524 722 555 solita
749 523 898 553 facilitate
930 530 1072 560 paruere.

114 582 298 613 Asisinates
329 585 452 616 autem,
482 587 560 618 quos
589 583 619 608 et
643 577 769 615 generis
793 575 918 605 claritas
942 579 972 603 et
997 573 1075 602 fides

113 636 308 666 inconcussa
320 634 456 668 decorat,
470 641 570 671 usque
580 631 618 661 ad
631 639 737 660 muros
751 637 806 668 pro
815 628 896 658 sedis
907 626 1075 665 apostolice

114 687 250 718 nomine
273 685 433 725 imperiali
456 685 560 715 surore
587 684 698 712 vastati
721 686 751 711 et
773 681 937 710 vexatione
963 678 1075 717 pulsati

116 739 283 775 continua,
301 739 384 767 inter
400 738 485 775 ipsas
502 735 666 773 angustias
689 734 843 772 proposito
865 737 894 762 et
911 732 1077 762 devotione

115 795 300 827 creverunt,
326 789 507 823 Perusinis,
531 787 716 818 Tudertinis
731 791 761 816 et
776 784 979 824 Spoletani[s]
1003 783 1077 813 fidei

116 843 328 874 constantiam
347 841 530 881 prosecutis.

160 896 208 926 45.
228 912 267 918 ——
284 894 432 925 Predicta
452 902 525 923 vero
545 893 772 930 Fuliginatium
794 891 929 921 civitatis
944 890 1079 928 indigna

117 948 283 984 vocabulo,
308 947 457 977 brevibus
477 946 626 975 conclusa
647 945 817 979 limitibus,
841 944 942 973 vicine
965 952 1079 972 manus

119 1001 329 1032 subventione
354 1000 521 1034 subducta,
543 999 609 1037 jam
636 997 861 1027 alimentorum
883 997 991 1033 inopia
1016 1004 1079 1025 11011

121 1055 283 1084 modicum
294 1053 471 1088 artabatur;
486 1051 703 1090 propterquod
715 1050 889 1088 principem
903 1049 1079 1087 ipsumjam

122 1108 161 1138 ad
174 1111 277 1146 partes
294 1105 409 1144 Apulie
423 1106 592 1142 confugere
608 1104 840 1141 disponentem,
854 1102 1080 1137 viterbienses,

122 1169 232 1191 semen
253 1169 404 1197 nequam,
427 1159 485 1187 filii
504 1157 664 1193 scelerati,
687 1162 716 1185 et
732 1156 804 1185 fidei
824 1165 879 1185 sne
895 1155 1038 1185 crudeles
1054 1159 1082 1184 et

123 1214 225 1248 same,
244 1213 332 1242 nullo
351 1213 461 1241 timore
477 1216 608 1249 cogente
625 1211 677 1239 sed
695 1210 820 1248 propria
837 1210 922 1238 ducti
939 1209 1082 1246 perfidia,

122 1270 333 1300 vocaverunt,
359 1269 501 1294 materne
521 1263 751 1293 benedictionis
771 1262 878 1296 obliti,
898 1271 958 1300 que
981 1267 1084 1300 preter

122 1319 259 1358 grandia
276 1318 429 1347 beneficia
446 1317 622 1346 devotionis
641 1316 745 1345 debito
763 1324 824 1344 non
842 1315 975 1352 indigna
991 1314 1084 1343 illum

124 1372 290 1410 insignem
313 1372 357 1400 eis
377 1369 511 1400 contulit
528 1368 714 1408 episcopalis
734 1368 898 1405 dignitatis
920 1367 1083 1403 honorem,

125 1429 161 1455 ut
176 1425 287 1454 civitas
308 1425 345 1453 de
366 1429 468 1453 castro
486 1424 552 1461 jam
571 1422 775 1460 sacta,.prins
796 1421 940 1450 servituti
962 1421 1085 1458 subjec-

126 1478 226 1508 tionis
241 1477 388 1512 obnoxia,
406 1476 556 1514 gauderet
569 1475 713 1504 libertate
726 1474 852 1512 prelata.
873 1474 934 1503 Pro
950 1482 1087 1512 quorum

124 1531 294 1560 vexatione
307 1529 444 1559 tollenda
454 1538 549 1568 quam
565 1528 610 1558 eis
625 1528 698 1557 urbs
710 1527 904 1564 sanguinum
919 1527 1086 1561 inferebat,

130 1583 366 1622 quodammodo
383 1582 509 1612 seviens
526 1582 558 1610 iu
580 1590 612 1610 se
628 1582 744 1619 ipsam,
767 1589 828 1610 non
850 1580 949 1609 verita
965 1580 1088 1618 proprie

130 1637 217 1667 sedis
237 1636 384 1672 exilium,
406 1636 550 1665 Romane
570 1634 722 1673 speciales
742 1634 872 1664 ecclesie
898 1634 994 1669 filios,
1017 1634 1089 1672 jure

132 1689 387 1729 primogenitura
408 1689 543 1726 majores
566 1687 837 1723 Viterbiensibus,
861 1687 937 1724 ipsis
959 1686 1090 1716 infestos

133 1743 230 1782 paulo
246 1743 349 1781 prius,
367 1742 524 1779 congestis
541 1741 683 1779 undique
702 1740 840 1775 viribus,
862 1739 968 1769 hostili
986 1748 1090 1777 perse-

131 1798 262 1827 cutione
287 1797 476 1826 contriverat
501 1800 530 1824 et
557 1794 713 1824 sententia
742 1794 867 1823 diversa
891 1794 1088 1831 dampnarat.

129 1850 360 1888 Imperatorem
380 1849 474 1877 etiam
497 1847 714 1886 supradictum
734 1855 881 1875 summus
902 1846 1038 1885 pontifex
1056 1846 1090 1875 in

131 1902 274 1941 partibus
291 1901 356 1930 illis
374 1901 541 1930 mensibus
560 1900 659 1929 tribus
675 1900 810 1929 detinuit
828 1899 861 1928 in
886 1899 1092 1928 multitudine

132 1955 335 1989 bellatorum,
354 1954 514 1983 laboribus
530 1954 679 1991 gravibus
693 1958 722 1982 et
737 1952 902 1990 impensis,
917 1953 999 1982 circa
1014 1961 1091 1990 qua-

133 2008 280 2046 draginta
300 2016 478 2036 marcarum
500 2006 590 2035 milia
612 2014 667 2044 pro
684 2006 760 2044 ipsis
781 2006 981 2043 expendens,
1002 2014 1091 2034 suam

134 2060 257 2090 eisdem
287 2059 521 2089 nichilominus
547 2058 739 2097 presentiam
764 2059 864 2096 spatio
883 2067 946 2088 non
972 2058 1094 2088 modico

134 2113 327 2148 exhibendo,
338 2122 392 2150 per
404 2112 484 2150 quod
498 2112 638 2150 ipsorum
652 2111 759 2149 inopie
770 2111 929 2141 consuluit
940 2115 969 2139 et
986 2110 1092 2140 tutele.

135 2165 197 2202 Qui
232 2165 358 2194 tandem
386 2165 517 2194 alienati
543 2165 583 2193 ab
610 2168 699 2193 utero
728 2167 902 2201 susceptam
931 2163 969 2192 de
999 2163 1094 2192 ubere

136 2223 283 2248 materno
309 2217 510 2247 dulcedinem
537 2218 569 2245 111
595 2216 843 2246 amaritudinem
870 2216 994 2245 selleam
1020 2224 1095 2245 con-

135 2274 313 2305 vertentes,
330 2270 570 2308 ingratitudinis
587 2274 772 2308 spumantes
788 2269 954 2298 humorem
976 2268 1009 2297 in
1028 2278 1095 2297 nia-

135 2324 195 2354 1115
211 2328 386 2361 eruperunt
406 2323 566 2352 excidium
581 2322 640 2351 filii
657 2322 820 2360 patricide.
837 2321 958 2351 Christi
975 2320 1092 2357 hostes,

136 2376 237 2416 patris
263 2381 293 2405 et
319 2376 418 2414 patrie
444 2375 615 2410 delatores,
643 2375 818 2413 proditores
847 2374 971 2404 domini
996 2379 1025 2403 et
1051 2374 1096 2403 rei

135 2429 312 2467 maJ'estatis
329 2429 459 2459 offense.
486 2429 552 2459 Nec
568 2429 606 2458 de
623 2428 726 2457 radice
742 2427 894 2457 dissimili
911 2432 973 2457 tam
992 2427 1097 2457 nocivi

137 2483 300 2512 seminum
327 2482 446 2511 11110105
475 2482 600 2520 prodire
621 2481 805 2515 credantur,
831 2486 863 2510 ut
885 2481 918 2509 111
942 2480 1098 2518 plantario

137 2535 279 2571 heresis,
296 2543 371 2572 agro
387 2535 569 2572 sauguinis,
589 2534 739 2572 spelunca
755 2533 932 2568 latronum,
949 2533 1099 2562 adulterii

138 2589 234 2618 domo
266 2592 463 2624 crescentes,
494 2587 694 2616 infidelitatis
723 2587 817 2624 rigati
853 2586 1007 2624 profluvio
1034 2594 1098 2615 nou

137 2640 239 2670 alium
263 2639 394 2669 reddere
416 2648 559 2678 saporem
580 2643 723 2677 poterant
745 2647 842 2677 quam
866 2647 1023 2667 amarum.
1048 2638 1099 2667 Sic

140 2693 228 2722 0111111
258 2692 472 2721 viterbienses
498 2692 582 2721 viam
614 2696 757 2721 tenentes
785 2691 920 2727 Hei-ehi,
950 2696 980 2720 et
1008 2690 1100 2729 culpe

139 2745 268 2784 proprie
285 2745 515 2783 relinquuntur
539 2750 570 2775 et
587 2753 687 2784 peue;
703 2754 759 2783 per
773 2745 858 2783 quod
879 2744 1001 2779 Ortani‚
1019 2744 1101 2773 Tus-

137 2807 316 2833 0011011505,
352 2798 543 2834 Coi-fletam,
582 2798 729 2828 homines
767 2798 1037 2828 Montisflasconis
1071 2801 1102 2827 et

141 2851 333 2887 Montisalti,
349 2859 458 2881 eorum
478 2851 622 2890 exemplo
640 2851 778 2890 corrupti
792 2859 898 2880 errore
910 2850 1009 2880 simili
1025 2858 1102 2880 con-

140 2903 331 2934 volvuntur.

181 2957 230 2987 46.
260 2974 298 2979 —
325 2958 398 2987 -Jam
427 2958 567 2987 Sathane
592 2958 728 2988 furentis
754 2958 894 2996 nequitia
921 2957 954 2986 in
981 2955 1102 2986 Christi

139 3017 290 3048 sponsam
312 3014 454 3048 patenter
469 3015 591 3039 armata
606 3010 690 3039 illud
707 3011 828 3048 grande
846 3010 944 3039 movit
961 3009 996 3037 in
1017 3008 1103 3039 Urbe

1195 413 1379 448 discidium,
1396 417 1428 441 nt
1445 412 1508 442 lere
1525 412 1690 450 utriusque
1707 420 1810 439 sessus
1827 415 1856 439 et
1872 408 2040 447 cujuslibet
2056 407 2147 437 etatis

1194 466 1353 496 sententia
1375 466 1441 503 pari
1465 468 1535 493 voto
1554 469 1583 493 et
1605 464 1762 502 proposito
1782 462 1896 497 simili,
1921 461 2147 490 assertionibus

1195 518 1341 557 publicis,
1366 526 1474 546 casum
1491 516 1628 546 Ecclesie
1646 516 1813 550 diffiniret,
1839 514 2017 544 incredibili
2041 522 2147 542 errore

1195 575 1356 609 concepta,
1384 579 1437 607 per
1464 578 1559 607 quam
1579 571 1611 598 in
1636 574 1757 607 patrum
1784 568 1974 605 sanguinein
2002 571 2147 595 natorum

1194 623 1341 652 inhiabat
1366 622 1566 657 immanitas,
1598 621 1631 650 in
1659 621 1764 650 cubile
1790 625 1968 649 maternum
1999 618 2148 647 inducere

1196 679 1341 713 satagens
1365 674 1527 709 alienum,
1554 674 1680 702 ruinam
1703 672 1859 710 generalis
1882 672 2016 700 Ecclesie
2044 679 2147 708 prose-

1197 732 1360 766 quentem.
1386 727 1445 756 Sed
1474 735 1536 755 11011
1561 726 1661 755 defuit
1683 734 1795 763 sponse
1816 724 1934 754 Christi
1958 723 2147 762 presidium,

1199 785 1229 810 et
1245 780 1410 810 fluctuanti
1433 779 1548 808 vicario
1567 778 1703 816 adjutrix
1723 777 1852 807 Domini
1873 776 1998 805 dextera
2017 784 2078 805 non
2095 775 2149 804 de-

1199 833 1290 869 fecit,
1307 833 1355 871 cuj
1363 841 1397 861 us
1409 831 1563 861 beneficio
1576 831 1658 859 l’etri
1672 838 1832 859 successor
1843 833 1974 862 erectus,
1987 828 2026 857 ad
2039 827 2149 856 divina

1200 895 1232 915 se
1258 885 1425 914 conserens
1447 883 1665 918 munimenta,
1688 882 1812 919 lignum
1836 881 1946 911 Crucis
1971 880 2094 909 vivifice
2117 888 2152 908 ac

1201 937 1374 967 reverenda
1390 937 1552 965 beatorum
1571 935 1655 964 Petri
1674 941 1702 963 et
1719 935 1809 963 Pauli
1825 934 1927 972 capita
1940 932 2153 962 exultantibus

1201 991 1326 1030 populis
1343 991 1379 1019 ad
1398 989 1498 1027 ipsius
1516 988 1666 1026 principis
1681 987 1892 1025 apostolorum
1911 986 2084 1021 basilicam,
2102 994 2153 1014 ve-

1204 1043 1396 1073 nerabilium
1415 1041 1628 1072 cardinalium
1646 1044 1674 1069 et
1695 1040 1881 1077 prelatorum
1898 1039 2066 1068 comitatus
2082 1047 2151 1066 ves-

1205 1097 1281 1134 tigio
1297 1105 1360 1134 1100
1382 1095 1487 1124 decuit
1509 1094 1628 1122 honore
1646 1093 1815 1130 portavit¹;
1837 1092 1889 1120 ubi
1907 1091 2154 1127 blanspheman-

1205 1150 1282 1179 tium
1296 1157 1358 1187 11110
1371 1151 1564 1177 convenerat
1577 1145 1747 1175 multitudo
1759 1154 1856 1174 censu
1873 1149 2015 1182 corrupta
2032 1151 2155 1172 cesareo

1204 1202 1340 1232 secunda
1371 1200 1589 1230 exhortatione
1622 1198 1779 1228 sermonis
1811 1202 1842 1227 et
1870 1197 1987 1233 negotii
2020 1196 2157 1225 novitate

1205 1263 1358 1285 conversa
1371 1253 1568 1290 triumphum
1586 1252 1695 1280 matris
1713 1250 1846 1279 licelesie
1864 1249 2109 1287 proclamabant,
2124 1248 2156 1276 in

1207 1308 1257 1338 sui
1278 1306 1478 1336 conductoris
1502 1304 1657 1343 injuriam
1679 1289 1789 1332 crucis
1804 1302 1920 1331 muniti
1939 1301 2090 1340 presidio,
2108 1309 2159 1329 ca-

1207 1364 1326 1390 ractere
1345 1359 1485 1398 deposito
1513 1357 1706 1393 antichristi,
1731 1355 1885 1385 Romanis
1905 1356 2059 1392 cujusque
2079 1362 2158 1382 con-

1207 1413 1342 1444 ditionis
1364 1417 1393 1442 et
1413 1420 1506 1440 sexus
1523 1419 1577 1449 pro
1599 1410 1696 1439 tutela
1716 1408 1926 1439 ecclesiastice
1940 1406 2094 1436 libertatis
2110 1416 2159 1434 as-

1209 1465 1409 1497 sumentibus
1432 1464 1576 1503 protinus
1599 1463 1728 1500 signum
1753 1463 1869 1491 010015.
1895 1460 2015 1490 Crescit
2043 1469 2076 1488 ex
2105 1459 2161 1488 hoc

1209 1519 1346 1549 furentis
1359 1517 1545 1547 immanitas
1558 1515 1717 1554 proposito
1731 1514 1959 1552 desperationis
1972 1520 2114 1546 accensa,
2130 1512 2163 1540 tit

1210 1573 1277 1602 Deo
1294 1570 1472 1601 contrarius
1489 1569 1567 1599 etin
1586 1566 1971 1606 Redemptorisinjnriam
1984 1565 2163 1602 redemptus

1211 1629 1362 1654 armatur.
1384 1621 1589 1652 Horrendum
1606 1621 1743 1659 procedit
1760 1621 1797 1649 de
1815 1620 1950 1658 pretorio
1971 1617 2164 1648 crudelitatis

1211 1678 1350 1708 edictum
1368 1684 1422 1714 per
1445 1674 1530 1713 quod
1556 1673 1660 1703 crucis
1685 1677 1843 1710 gestantes
1864 1675 2054 1701 caracterem
2074 1670 2163 1708 penis

1212 1731 1414 1761 subiciuntur
1431 1727 1600 1762 atrocibus,
1617 1726 1671 1755 alii
1689 1726 1854 1754 candentis
1870 1724 1944 1753 ferri
1961 1723 2108 1760 stigmate
2125 1722 2164 1750 ad

1212 1784 1344 1813 modum
1370 1781 1475 1811 crucis
1500 1781 1532 1809 111
1557 1779 1743 1818 s[r]ontibus
1767 1777 1963 1814 consignati,
1987 1776 2041 1804 alii
2065 1783 2164 1803 mem-

1212 1837 1342 1866 brorum
1367 1834 1440 1863 sacti
1467 1831 1667 1861 mutilatione
1693 1830 1867 1863 deformes,
1895 1828 2024 1867 qnidam
2054 1836 2165 1864 ampu-

1213 1890 1284 1918 tatis
1302 1887 1428 1917 coronis
1446 1885 1525 1915 sacri
1541 1884 1663 1914 ordinis
1682 1882 1911 1920 improperium
1930 1880 2055 1914 redditi,
2075 1878 2166 1908 multi

1213 1941 1317 1973 exusti
1330 1941 1531 1969 flammarum
1546 1937 1716 1971 incendiis,
1731 1935 1880 1965 nonnulli
1892 1943 1965 1964 vero
1977 1934 2008 1962 in
2020 1934 2086 1962 loco
2099 1941 2167 1961 crn-

1214 1996 1260 2026 cis
1283 1995 1380 2024 clavis
1401 1992 1572 2022 crudeliter
1600 1989 1746 2029 perforati
1770 1989 1805 2017 in
1828 1988 1946 2026 grande
1971 1986 2168 2015 infidelitatis

1214 2048 1367 2078 inditium
1385 2054 1421 2075 ac
1438 2045 1598 2084 publicam
1617 2041 1842 2073 contumeliam
1860 2040 2036 2070 Crucifissi.
2057 2040 2169 2068 Sacer-

1215 2102 1272 2131 dos
1288 2100 1416 2139 qnidam
1434 2097 1547 2127 vexillo
1563 2096 1673 2126 Crucis
1686 2094 1865 2124 venerande
1882 2093 2037 2129 munitus,
2055 2092 2087 2120 in
2106 2090 2169 2120 alto

1217 2154 1379 2193 palearum
1393 2151 1499 2182 culmo
1515 2151 1631 2187 ligatus
1646 2148 1816 2187 expositus,
1834 2146 1935 2176 crucis
1950 2145 2170 2182 suavejugum

1217 2215 1368 2236 recusans
1392 2205 1564 2242 deponere,
1588 2203 1661 2239 igne
1682 2201 1840 2239 supposito
1857 2203 2087 2228 concrematur.
2109 2196 2173 2232 Qui

1217 2268 1311 2298 supra
1327 2259 1458 2287 modum
1476 2255 1667 2286 conditionis
1684 2253 1825 2282 humane
1841 2251 2019 2289 intrepidus
2036 2251 2068 2279 Tc
2082 2251 2172 2278 Deum

1219 2314 1383 2343 laudamus
1400 2318 1474 2340 voce
1491 2308 1594 2338 valida
1618 2312 1647 2336 et
1667 2305 1844 2336 constantia
1863 2305 1981 2333 invicta
2003 2303 2175 2332 decantaus

1217 2365 1320 2404 ipsius
1336 2363 1448 2402 ympni
1466 2361 1632 2400 sequentia
1648 2363 1747 2397 usque
1767 2357 1806 2387 ad
1826 2359 1859 2386 Te
1879 2357 2046 2385 martirum
2066 2355 2174 2384 candi-

1219 2419 1307 2448 datus
1319 2417 1423 2446 laudat
1434 2415 1582 2444 exercitus
1594 2417 1787 2451 prosecutus,
1801 2410 1945 2447 undique
1955 2410 2020 2447 Jam
2035 2406 2175 2436 flammis

1219 2469 1492 2502 crebrescentibus
1515 2467 1654 2502 obsitus,
1678 2466 1761 2494 inter
1783 2463 1882 2502 ipsius
1907 2460 2056 2491 versiculi
2081 2459 2176 2489 verba

1219 2523 1452 2554 sanctissimam
1471 2521 1613 2550 animam
1629 2518 1756 2548 Christo
1772 2515 1924 2549 reddidit,
1942 2522 1997 2552 pro
2012 2513 2102 2551 cujus
2119 2520 2174 2541 no-

1219 2579 1307 2607 mine
1324 2575 1483 2614 tyrampni
1497 2573 1643 2603 sevitiam
1657 2576 1688 2601 et
1700 2570 1785 2608 ignis
1798 2568 1947 2598 incendia
1961 2575 2025 2596 non
2039 2565 2174 2604 expavit.

1261 2631 1308 2659 47.
1327 2646 1365 2651 —
1382 2629 1471 2657 Tunc
1486 2627 1657 2664 imperator
1675 2628 1792 2653 terrore
1807 2626 1995 2656 commotus,
2013 2619 2177 2656 ingressus

1220 2683 1387 2722 Apuliam,
1418 2682 1678 2711 Beneventanam
1714 2676 1857 2714 undique
1889 2675 2047 2704 civitatem
2084 2672 2177 2708 longo

1223 2740 1372 2774 concepto
1387 2735 1492 2764 furore
1508 2731 1652 2762 vastavit.
1669 2730 1730 2765 Qui
1747 2729 1773 2758 si
1789 2736 1896 2757 rerum
1912 2725 2035 2764 fatigati
2050 2724 2177 2762 dispen-

1223 2790 1295 2824 diis,
1310 2788 1385 2818 fidei
1399 2792 1504 2816 tamen
1524 2784 1715 2814 detrimenta
1732 2790 1795 2811 non
1813 2780 1909 2819 passi,
1927 2778 2003 2817 quin
2024 2777 2126 2816 potius
2142 2785 2178 2806 ex

1225 2843 1371 2872 molestia
1388 2839 1578 2870 robustiores
1595 2835 1714 2871 eflecti,
1734 2833 1839 2873 plures
1860 2832 1898 2861 de
1914 2829 2074 2869 imperiali
2090 2837 2178 2858 exer-

1223 3009 1246 3034 1.
1262 3007 1296 3034 22
1315 3005 1418 3032 fevi-ier
1437 3003 1512 3030 1240.
