2455 3560
616 361 665 390 LE
688 360 832 390 LIBER
855 359 1087 390 CENSUUM
1111 359 1165 388 DE
1188 350 1374 389 L'EGLISE
1398 359 1605 389 ROMAINE.
2117 360 2152 392 13

115 431 199 457 certo
212 436 322 461 censu,
336 428 430 457 certis
441 427 676 457 conditionibus
688 428 860 458 concedere
873 427 1070 465 dignaretur,

114 479 199 509 idem
224 480 375 509 dominus
400 481 542 518 ipsorum
568 480 711 519 petitioni
729 489 893 516 annuens,
915 485 945 510 et
964 489 1073 510 assen-

114 541 185 562 sum
203 532 387 562 benivolum
405 533 606 571 impendens,
623 534 698 571 quia
713 533 874 563 concessio
887 533 1072 571 hujusmodi

115 585 199 623 apud
216 585 323 615 sedem
340 585 542 624 apostolicam
562 594 624 615 non
642 590 760 625 poterat
777 587 906 616 comode
918 585 1072 624 expediri,

114 648 150 668 ex
177 647 213 669 eo
237 639 398 677 potissime
424 639 508 678 quod
533 638 609 668 dicti
630 639 860 669 ambassatores
888 640 1073 668 mandatum

114 692 277 722 sufficiens
295 700 357 721 non
375 692 533 721 habebant
547 692 584 721 ad
602 692 824 730 complendum
843 701 878 721 ea
895 701 990 730 super
1004 692 1074 730 qui-

114 745 176 775 bus
197 745 293 775 iidem
311 745 539 774 ambassatores
561 744 777 782 supplicarant
795 749 928 780 attente,
952 745 1071 774 discre-

116 804 181 828 tum
198 798 305 827 virum
323 798 509 835 magistrum
527 797 682 827 Uberturn
703 797 740 827 de
756 797 937 828 Cockenato
948 797 1073 827 subdia-

115 859 232 881 conum
249 855 280 880 et
292 849 491 889 capellanum
511 859 603 879 suum
624 859 678 888 pro
689 851 893 880 concessione
906 850 1075 880 comitatus

115 903 274 943 ejusdem,
302 903 443 941 jurium,
466 903 728 940 jurisdictionum
753 908 784 932 et
810 908 1020 941 proventuum
1046 907 1076 932 et

114 956 384 996 pertinentiarum
404 956 505 994 ipsius
525 956 585 985 sub
607 961 691 986 certa
708 956 811 986 forma
833 960 863 986 et
884 956 978 985 certis
998 964 1074 986 con-

115 1010 310 1044 ditionibus,
336 1010 417 1040 sicut
442 1010 474 1039 in
501 1010 614 1039 litteris
637 1010 779 1047 ejusdem
804 1010 926 1039 domini
950 1009 1075 1049 plenius

115 1064 307 1100 continetur,
325 1064 364 1093 ad
383 1064 544 1094 civitatem
569 1064 757 1093 Perusinam
777 1063 965 1093 transmisit.
986 1063 1075 1093 Idem

116 1127 190 1148 vero
208 1117 370 1156 magister,
395 1117 583 1147 mandatum
607 1117 812 1156 apostolicum
832 1117 952 1152 volens,
975 1121 1008 1146 ut
1029 1123 1074 1146 te-

116 1175 219 1206 netur,
246 1169 361 1208 exequi
381 1169 563 1208 diligenter,
584 1170 752 1199 dominum
776 1170 975 1208 Raynerium
998 1169 1073 1199 Bar-

116 1222 173 1254 toli
190 1222 418 1253 Beneveniatis
434 1223 573 1252 Petrucii
587 1222 728 1261 judicem
747 1223 907 1252 sindicum
924 1223 990 1252 sive
1009 1231 1077 1261 pro-

116 1281 296 1307 curatorem
312 1285 330 1306 a
348 1280 499 1315 potestate
513 1300 520 1313 ,
542 1276 723 1314 capitaneo,
745 1275 875 1315 speciali
889 1280 919 1305 et
934 1275 1076 1314 generali

115 1329 252 1361 consilio
272 1333 402 1360 centum
419 1339 475 1368 per
489 1335 611 1368 portam
636 1329 806 1360 rectoribus
823 1330 941 1359 artium
962 1334 991 1359 et
1009 1330 1077 1359 bai·

116 1383 169 1413 liis
187 1383 372 1413 societatum
388 1383 524 1413 civitatis
543 1383 710 1419 Perusine,
731 1384 820 1412 citari
838 1383 910 1413 fecit
925 1382 1075 1422 sollemp-

118 1437 212 1472 niter,
231 1439 264 1466 ut
282 1441 329 1466 est
344 1437 452 1471 moris,
474 1436 512 1465 ad
529 1436 748 1474 recipiendum
770 1437 955 1466 comitatum
970 1437 1075 1474 ipsum

118 1491 250 1520 nomine
266 1490 367 1529 ipsius
383 1490 564 1520 communis
582 1499 682 1528 usque
696 1490 734 1519 ad
751 1496 874 1520 certum
891 1495 1015 1529 tempus
1032 1495 1078 1520 te-

119 1543 261 1572 nendum
278 1543 337 1572 snb
353 1543 446 1572 certis
464 1543 699 1572 conditionibus
716 1547 745 1572 et
760 1547 843 1572 certo
858 1552 972 1578 censu,
990 1547 1020 1572 et
1038 1543 1078 1572 ad

115 1596 291 1635 J'urandum
303 1597 336 1625 in
346 1596 516 1625 animabus
527 1596 682 1634 ipsorum,
693 1596 769 1625 etad
778 1596 983 1634 obligandum
995 1605 1077 1626 com-

120 1658 219 1678 mune
231 1649 290 1678 sub
308 1658 387 1687 pena
399 1649 429 1678 X
441 1649 568 1678 milium
587 1657 765 1678 marcarum
784 1649 909 1686 argenti
927 1649 965 1678 de
975 1653 1078 1679 atten-

119 1701 233 1732 dendis
248 1706 278 1731 et
292 1701 499 1731 observandis
514 1702 664 1731 omnibus
680 1702 915 1731 conditionibus
928 1702 961 1731 in
974 1701 1079 1731 littera

119 1755 244 1785 domini
267 1763 344 1793 pape
369 1754 489 1784 bullata
511 1755 684 1792 expressis,
706 1755 788 1784 sicut
808 1754 842 1783 in
867 1755 1079 1785 instrumento

119 1808 304 1847 syndicatus
321 1807 436 1837 exinde
453 1808 594 1837 conlecto
612 1807 738 1846 plenius
758 1807 949 1837 continetur.
972 1808 1078 1846 quue

121 1866 224 1891 creato
236 1860 339 1890 dictus
358 1861 524 1898 magister,
542 1861 609 1890 vice
625 1865 655 1890 et
673 1861 803 1890 nomine
822 1861 962 1891 ltomane
979 1861 1078 1890 eccle-

121 1915 166 1945 sie
181 1920 211 1944 et
226 1915 411 1944 auctoritate
426 1914 485 1943 sibi
506 1914 692 1948 commissa,
713 1914 745 1942 in
765 1915 924 1952 presentia
945 1918 1079 1953 potesta-

121 1968 180 2004 tis,
197 1968 354 2006 capitanei
372 1972 402 1996 et
416 1968 620 1996 antianorum
637 1968 764 1996 consilii
779 1968 925 2005 specialis
943 1973 973 1997 et
986 1977 1080 2006 gene—

121 2020 207 2055 ralis,
225 2025 353 2049 centum
371 2025 552 2049 vocatorum
572 2029 625 2058 per
643 2025 761 2058 portam
778 2025 934 2049 rectorum
947 2021 1077 2057 artium,

121 2073 303 2103 bailitorum
315 2073 499 2102 societatum
510 2081 576 2101 com
584 2073 690 2102 munis
700 2073 839 2107 Perusii,
850 2073 934 2103 dicto
946 2074 1080 2112 syndico

122 2126 286 2165 recipienti
304 2126 371 2155 vice
388 2130 417 2155 et
441 2125 571 2155 nomine
592 2127 771 2155 communis
792 2126 942 2155 Perusini
959 2127 1080 2156 dictum

122 2181 304 2210 comitatum
322 2179 539 2216 Engnbinnm,
553 2179 638 2217 jura.
650 2179 891 2217 jurisdictiones
905 2184 935 2209 et
947 2189 1081 2218 proven-

123 2238 172 2262 tus
190 2241 262 2262 cum
283 2232 486 2270 pertinentiis
506 2232 584 2265 suis,
605 2232 700 2267 dedit,
721 2232 858 2262 contulit
875 2237 904 2261 et
926 2233 1083 2262 concessit

124 2285 297 2316 tenendum
322 2290 351 2314 et
371 2284 620 2323 possidendum,
642 2290 672 2314 et
695 2293 730 2314 ex
755 2294 790 2314 eo
815 2285 936 2315 fructus
955 2291 985 2315 et
1009 2295 1081 2324 pro-

124 2343 238 2369 ventus
253 2338 496 2377 percipiendum
513 2347 530 2366 a
545 2337 692 2367 kalendis
704 2338 847 2376 januarii
863 2339 942 2368 anni
958 2339 1082 2369 domini

126 2391 357 2421 ΜὌΕῑΙΝΙΙΡΤῑ
379 2399 479 2429 usque
495 2390 533 2420 ad
555 2395 722 2429 sequentes
739 2391 764 2420 V
781 2399 882 2421 annos
897 2392 1080 2431 completos,

124 2449 154 2474 et
168 2443 208 2474 ad
225 2443 431 2483 percipienda
443 2444 518 2482 jura
535 2448 565 2473 et
584 2443 714 2473 servitia
734 2444 833 2474 realia
853 2448 881 2474 et
902 2445 1083 2484 personalia

124 2506 185 2536 que
210 2497 355 2527 Romana
383 2496 515 2526 ecclesia
540 2496 608 2526 sive
635 2497 744 2526 nuntii
774 2498 844 2536 ejus
869 2498 924 2537 qui
954 2499 1084 2529 fuerunt

125 2560 180 2590 per
204 2555 344 2589 tempora
367 2555 575 2589 perceperunt
593 2550 642 2579 vel
661 2550 822 2588 percipere
840 2551 1021 2582 debuerunt
1043 2553 1083 2582 ab

125 2603 316 2634 hominibus
332 2602 522 2640 degentibus
540 2602 575 2632 in
595 2603 723 2640 eodem,
744 2607 773 2633 et
789 2604 828 2633 ad
844 2605 952 2634 omnia
967 2610 997 2635 et
1014 2606 1083 2635 siu-

125 2655 201 2694 gula
216 2654 363 2685 facienda
378 2658 408 2684 et
421 2655 596 2684 exercenda
613 2664 713 2693 usque
728 2656 767 2685 ad
789 2660 911 2694 tempus
928 2658 1082 2687 constitu-

127 2713 193 2738 tum
209 2716 272 2747 que
288 2708 434 2738 Romana
452 2707 584 2737 ecclesia
601 2712 631 2737 et
645 2708 714 2746 ejus
729 2708 838 2738 nuntii
854 2709 887 2738 in
904 2709 1013 2739 eodem
1029 2719 1083 2740 co-

127 2761 240 2791 mitatu
257 2760 372 2797 facere,
390 2769 536 2790 exercere
551 2759 601 2790 vel
619 2764 756 2790 statuere
776 2766 914 2799 possent,
932 2763 1083 2793 conditio-

129 2814 225 2844 nibus
249 2814 283 2844 in
307 2813 411 2843 littera
432 2813 555 2843 domini
572 2822 649 2852 pape
664 2814 822 2843 contentis
845 2815 879 2844 in
901 2824 957 2845 suo
973 2816 1084 2846 robore

128 2866 362 2897 nichilominus
373 2866 546 2896 duraturis.
562 2866 664 2902 Quam
677 2867 912 2896 concessionem
929 2873 959 2898 et
976 2870 1086 2899 omnia

129 2921 310 2960 supradicta
325 2920 401 2950 fecit
418 2920 582 2950 communi
600 2923 628 2949 et
641 2920 773 2958 syndico
786 2921 969 2956 nominatis,
985 2932 1086 2961 usque

128 2974 167 3004 ad
196 2979 318 3012 tempus
345 2978 543 3011 pretaxatum
569 2982 624 3012 pro
653 2982 749 3002 censu
777 2982 885 3004 annuo
912 2974 960 3004 CC
987 2975 1085 3005 libra-

131 3036 200 3057 rum
228 3026 420 3056 Senensium
446 3034 615 3064 parvorum
640 3035 718 3064 quas
740 3026 825 3055 idem
851 3027 1004 3065 syndicus
1033 3037 1086 3067 pro

1195 426 1357 455 communi
1376 426 1525 464 predicto,
1543 427 1608 457 vice
1621 432 1650 457 et
1667 429 1798 458 nomine
1811 430 1992 458 communis
2007 430 2150 467 ejusdem

1195 478 1342 517 promisit
1364 483 1393 508 et
1419 480 1569 508 convenit
1595 490 1647 518 per
1674 480 1882 519 sollempnem
1913 482 2150 520 stipulationem

1195 531 1257 569 ipsi
1283 531 1411 561 domino
1436 532 1556 562 L'berto
1583 533 1747 571 stipulanti
1773 539 1802 563 et
1828 535 1994 573 recipienti
2021 536 2150 565 nomine

1196 585 1340 614 Romane
1364 585 1493 615 ecclesie
1513 591 1542 614 et
1561 586 1683 616 dotnini
1705 597 1782 626 pape
1802 588 1877 617 dare
1903 594 1931 617 et
1956 588 2075 619 solvere
2098 598 2150 619 ca-

1196 646 1282 667 mere
1297 638 1421 668 domini
1438 648 1515 676 pape
1533 639 1668 677 singulis
1683 642 1778 670 annis
1790 642 1937 679 predictis
1954 643 1986 670 in
2005 642 2152 672 kalendis

1194 691 1348 729 januarii,
1366 691 1549 730 ubicunqne
1572 693 1656 722 idem
1681 693 1830 723 dominus
1854 704 1930 733 papa
1947 696 2052 725 fuerit.
2074 696 2151 726 Pro-

1197 744 1284 774 misit
1301 745 1394 774 etiam
1415 748 1443 773 et
1458 746 1607 774 convenit
1625 746 1709 775 idem
1727 747 1878 779 sindicus.
1897 749 1966 778 vice
1979 752 2007 778 et
2023 749 2151 778 nomine

1197 797 1378 827 communis
1396 797 1542 827 Perusini
1566 803 1596 827 et
1620 799 1829 837 predictorum
1848 802 2017 839 potestatis,
2035 803 2152 840 capita-

1197 851 1249 879 nei
1266 854 1295 879 et
1310 849 1437 879 consilii
1454 851 1599 888 specialis
1615 856 1643 880 et
1660 852 1818 889 generalis
1832 859 1861 882 et
1875 859 2002 883 centurn
2021 864 2074 892 per
2087 864 2152 893 por-

1199 908 1262 932 tam
1295 908 1451 932 rectorum
1483 904 1599 933 artium
1630 910 1659 933 et
1688 905 1868 935 bailitorum
1903 908 2087 937 societatum
2120 909 2152 938 in

1197 956 1313 995 palatio
1329 957 1511 986 communis
1530 958 1653 987 Perusii
1672 964 1794 997 propter
1813 959 1871 989 hoc
1886 961 2063 998 specialiter
2078 970 2153 991 con-

1197 1015 1412 1048 gregatorum,
1431 1011 1490 1048 ipsi
1510 1010 1640 1040 domino
1659 1011 1778 1041 Uberto
1795 1013 1957 1051 recipienti
1975 1014 2039 1043 vice
2054 1020 2083 1043 et
2100 1023 2154 1044 no-

1197 1064 1286 1093 mine
1301 1064 1424 1093 domini
1443 1073 1518 1102 pape
1535 1070 1563 1093 et
1580 1064 1712 1094 ecclesie
1728 1066 1879 1100 Romane,
1896 1067 1978 1104 quod
1995 1076 2050 1106 pro
2065 1077 2154 1106 posse

1197 1118 1304 1155 ipsum
1321 1118 1506 1147 comitatum
1525 1118 1747 1155 Eugubinum,
1764 1120 1855 1157 jura,
1868 1121 2108 1158 jurisdictiones
2125 1128 2155 1152 et

1198 1175 1371 1209 proventus
1389 1171 1549 1208 ejusdem,
1570 1171 1716 1209 expensis
1737 1172 1871 1210 propriis
1888 1174 2119 1212 recuperabunt
2137 1184 2154 1204 a

1198 1222 1340 1262 quolibet
1362 1223 1524 1253 detentore
1539 1232 1574 1253 ac
1590 1224 1684 1253 etiam
1702 1225 1859 1262 invasore,
1877 1231 1907 1255 et
1921 1227 2027 1264 ipsum
2044 1236 2061 1256 a
2075 1237 2153 1266 quo-

1198 1276 1275 1305 libet
1292 1275 1493 1305 molestatore
1514 1285 1568 1314 pro
1590 1285 1679 1314 posse
1703 1277 1888 1315 defendent,
1912 1283 1941 1308 et
1962 1279 2099 1309 eundem
2120 1280 2154 1309 in

1198 1330 1280 1359 bono
1297 1334 1378 1359 statu
1395 1339 1450 1368 per
1463 1330 1573 1359 omnia
1586 1331 1830 1366 conservabunt,
1847 1332 1999 1361 tenebunt
2016 1337 2046 1362 et
2061 1334 2155 1371 possi-

1199 1383 1319 1412 debunt
1333 1383 1451 1421 ipsum,
1469 1383 1633 1412 dumtaxat
1650 1392 1749 1422 usque
1762 1384 1799 1413 ad
1817 1385 1990 1414 terminum
2008 1388 2156 1416 constitu-

1201 1441 1266 1465 tum
1287 1436 1417 1465 nomine
1436 1436 1566 1465 ecclesie
1589 1436 1786 1474 supradicte,
1810 1442 1839 1466 et
1861 1447 1896 1467 ex
1920 1442 1995 1468 tnnc
2017 1439 2155 1469 eundem

1199 1490 1382 1519 comitatum
1408 1498 1480 1519 cum
1505 1490 1593 1519 omni
1623 1489 1864 1524 melioratione,
1896 1492 1990 1521 etiam
2022 1493 2157 1531 propriis

1199 1543 1347 1580 expensis
1370 1542 1466 1577 sacta,
1494 1548 1523 1571 et
1546 1542 1608 1571 biis
1632 1552 1692 1581 que
1716 1544 1853 1572 emerint
1876 1544 1923 1573 vel
1949 1545 2158 1583 acquisierint

1199 1595 1306 1634 ali'quo
1330 1595 1420 1624 titulo
1445 1596 1476 1624 in
1501 1596 1610 1624 eodem
1633 1605 1687 1625 seu
1712 1596 1795 1625 insra
1813 1597 1893 1626 sines
1911 1598 2072 1633 ejusdem,
2094 1598 2156 1628 Ro-

1201 1657 1295 1678 mane
1318 1648 1448 1677 ecclesie
1473 1648 1519 1676 vel
1542 1649 1609 1686 ejus
1634 1649 1756 1678 nuntiis
1779 1658 1832 1679 sen
1859 1651 1972 1680 nuntio
1991 1652 2158 1681 restituent

1200 1702 1374 1739 integrum,
1387 1701 1536 1732 liberum.
1550 1707 1579 1730 vt
1591 1711 1607 1731 a
1622 1702 1804 1731 conditione
1814 1703 1953 1741 qnalibet
1963 1704 2156 1734 absolutum.

1201 1754 1239 1783 Et
1255 1754 1337 1792 quod
1357 1754 1440 1783 idem
1458 1755 1628 1784 comitatus
1643 1763 1715 1784 cum
1732 1755 1882 1785 omnibus
1895 1757 2022 1793 juribus
2041 1763 2070 1786 et
2086 1767 2157 1796 per—

1203 1807 1345 1836 tinentiis
1364 1807 1440 1842 suis,
1462 1816 1517 1836 nec
1535 1815 1596 1837 non
1617 1807 1855 1843 melioratione,
1875 1810 1990 1847 emptis
2006 1816 2035 1839 et
2049 1811 2157 1848 acqui-

1201 1861 1269 1889 sitis
1289 1860 1489 1897 hujusmodi,
1511 1860 1608 1890 libere
1634 1867 1663 1890 et
1688 1861 1757 1890 sine
1775 1861 1883 1899 aliqua
1903 1872 2112 1901 expensarum
2131 1870 2158 1894 et

1201 1913 1296 1952 pretii
1314 1913 1530 1948 restitutione,
1548 1923 1583 1943 ex
1602 1920 1686 1950 tunc,
1703 1915 1798 1944 etiarn
1815 1916 1946 1944 nemine
1962 1921 2101 1953 petente,
2121 1917 2159 1946 ad

1202 1967 1318 1996 dictam
1345 1967 1512 1996 ecclesiam
1540 1973 1730 2003 revertatur-3
1758 1974 1787 1997 et
1814 1969 1896 2006 qnod
1923 1969 2042 1998 dictum
2072 1979 2158 2000 com—

1202 2028 1302 2049 mune
1325 2025 1508 2049 contentum
1529 2020 1592 2049 hiis
1612 2029 1674 2058 que
1699 2021 1781 2050 dicta
1802 2021 1933 2050 ecclesia
1956 2022 1986 2050 in
2009 2023 2159 2052 comitatu

1203 2073 1297 2102 habet
1311 2073 1435 2108 eodem,
1456 2074 1560 2111 ipsum
1580 2073 1626 2102 vel
1645 2082 1793 2111 personas
1808 2074 1958 2112 degentes
1972 2075 2089 2105 ibidem
2110 2077 2160 2105 in-

1202 2125 1305 2155 debite
1326 2125 1508 2154 nullateuus
1523 2127 1765 2164 pregravabnnt,
1788 2136 1843 2155 nec
1861 2129 2094 2165 minuentjnra
2113 2130 2159 2167 ip-

1203 2178 1269 2208 sius
1288 2178 1435 2215 ecclesie,
1457 2188 1513 2207 nec
1531 2179 1570 2207 ab
1584 2178 1694 2217 aliquo
1717 2188 1770 2217 pro
1792 2188 1879 2218 posse
1899 2181 2001 2209 minui
2023 2182 2159 2212 minime

1204 2232 1383 2270 patientur;
1413 2237 1443 2260 et
1473 2236 1640 2270 sumptus,
1668 2234 1692 2261 si
1722 2242 1802 2271 quos
1835 2242 1888 2271 pro
1922 2237 2162 2274 recuperatione

1204 2284 1277 2314 dicti
1302 2286 1470 2314 comitatus
1491 2285 1539 2314 vel
1560 2286 1681 2322 jurium
1711 2295 1763 2315 seu
1791 2288 2055 2324 pertinentiarum
2080 2289 2160 2326 ejus,

1205 2338 1253 2368 vel
1280 2338 1482 2374 defensione,
1509 2339 1703 2376 detentione,
1731 2348 1785 2369 seu
1811 2342 2064 2373 conservatione.
2096 2344 2162 2372 sive

1204 2392 1426 2421 melioratione
1446 2400 1637 2430 quacunque
1660 2392 1809 2429 feceriut,
1837 2393 1885 2422 vel
1909 2395 2004 2424 etiam
2026 2397 2162 2434 pretium

1204 2448 1382 2483 emptorum
1413 2444 1463 2474 vel
1489 2445 1720 2483 acquisitorum
1751 2445 1871 2475 ibidem
1901 2447 2085 2479 nullatenus
2111 2459 2162 2480 re-

1205 2502 1330 2536 petent,
1361 2506 1419 2527 nec
1447 2498 1610 2527 occasione
1642 2498 1741 2536 hujus
1767 2499 1852 2529 modi
1879 2509 2089 2539 expensarum
2114 2503 2164 2533 vel

1204 2550 1435 2589 acquisitorum
1461 2551 1648 2580 comitatum
1672 2552 1777 2589 ipsum
1802 2553 1853 2581 vel
1877 2556 1997 2591 partem
2020 2555 2162 2593 ejusdem

1204 2603 1345 2642 aliquam
1371 2603 1572 2639 retinebuut,
1598 2613 1656 2634 nec
1677 2604 1711 2633 in
1733 2614 1768 2635 eo
1783 2606 1836 2644 jus
1859 2606 1920 2635 sibi
1938 2606 2067 2646 aliquod
2084 2618 2163 2639 ven-

1204 2656 1368 2687 dicabunt.
1401 2656 1555 2686 Promisit
1586 2657 1681 2686 etiam
1709 2657 1812 2688 dictus
1843 2659 1997 2697 syndicus
2032 2662 2165 2692 nomine

1205 2715 1235 2739 et
1259 2710 1327 2739 vice
1353 2710 1534 2739 communis
1557 2710 1709 2748 predicti,
1736 2711 1839 2740 eidem
1866 2713 2018 2750 magistro
2044 2714 2163 2745 Uberto

1204 2763 1347 2801 legitime
1368 2762 1533 2802 stipulanti
1558 2767 1587 2792 et
1611 2763 1777 2801 recipienti
1796 2765 1929 2794 nomine
1951 2766 2081 2797 ecclesie
2101 2768 2164 2798 Ro-

1205 2825 1317 2853 mane,
1351 2817 1409 2846 sub
1434 2825 1514 2855 pena
1540 2817 1649 2846 decem
1677 2817 1803 2847 milium
1832 2827 2012 2849 marcarum
2041 2822 2165 2858 argenti

1205 2870 1314 2899 omnia
1336 2874 1365 2898 et
1387 2869 1515 2907 singula
1540 2870 1701 2908 superiora
1725 2870 1954 2901 inviolabiliter
1978 2873 2164 2911 observare3

1207 2932 1269 2961 que
1293 2932 1372 2961 pena
1397 2923 1510 2951 totiens
1531 2924 1762 2959 committatur,
1791 2925 1939 2962 quotiens
1964 2932 2072 2955 contra
2095 2937 2164 2965 pre-

1207 2975 1290 3004 dicta
1319 2975 1367 3004 vel
1392 2975 1521 3013 aliquod
1547 2975 1759 3013 predictorum
1787 2976 1881 3005 tuerit
1909 2984 2162 3009 contraventuni.

1207 3027 1276 3064 Qua
1303 3027 1472 3057 commissa
1502 3032 1530 3057 et
1557 3032 1678 3063 exacta,
1708 3028 1937 3058 nichilominus
1969 3031 2107 3068 predicta
2137 3039 2165 3062 et
