2455 3560
620 364 669 392 LE
693 362 838 392 LIBER
860 359 1093 391 CENSUUM
1116 359 1170 388 DE
1194 349 1379 388 L'EGLISE
1402 357 1610 387 ROMAINE.
2117 353 2154 384 27

155 433 204 463 23.
220 449 258 454 —
274 432 392 463 Octavo
409 439 481 461 vero
499 439 584 460 anno
610 429 810 468 pontificatus
833 427 934 466 ipsius
958 426 995 456 de
1013 426 1075 455 Pe-

114 487 203 517 rusio
219 494 350 515 movens
366 483 566 514 Viterhium¹
583 482 672 512 adiit.
691 481 738 511 Ibi
755 480 879 510 Cesaris
890 479 1022 509 nuntios
1037 478 1076 508 de

117 539 306 570 Lombardie
324 538 451 576 negotio
471 541 659 566 tractaturos
683 534 819 573 recepit,
846 532 954 562 multis
974 537 1003 562 et
1024 541 1076 561 ar-

115 593 189 622 duis
216 592 352 630 negotiis
373 590 552 620 terminatis
570 588 703 618 ibidem.
727 588 820 617 Nono
838 586 968 624 quidem
991 593 1077 614 anno

115 645 155 675 de
186 643 334 674 Viterbio
363 642 585 680 interjectione
617 640 765 678 temporis
797 639 998 676 lterampna2
1026 645 1077 666 ac-

116 698 228 733 cessit3
249 697 326 726 inde
342 704 453 725 mense
469 694 595 732 augusti
615 693 731 722 Reate³
748 692 914 730 profectus.
933 691 985 720 Set
1002 689 1080 728 quia

117 751 204 781 locus
221 749 276 780 1116
293 749 441 788 palustris
460 748 598 776 nimium
618 746 679 775 sibi
696 754 730 775 ex
751 754 844 774 causa
861 744 1012 774 reumatis
1031 743 1079 772 vi-

114 804 251 834 debatur
269 802 417 836 iufestus,
443 801 622 837 Iterampne
636 799 726 837 juxta
745 798 863 828 fluenta
880 796 1077 836 plenissima,

117 855 273 886 ordinatis
307 854 472 884 arboribus
510 852 650 890 undique
665 874 672 887 ‚
711 851 809 880 multe
846 850 1080 880 commoditatis

118 908 296 939 construxit
317 907 468 945 palatium
494 905 659 944 papalibus
681 904 790 933 usibus
811 912 874 933 uon
895 902 1077 940 indignum.

117 962 209 991 Tunc
226 963 257 990 in
275 960 402 990 abbatia
425 959 463 988 de
485 957 666 988 Ferentillis
684 956 902 986 munitissima
919 955 1081 985 611111635-

120 1019 178 1050 tra,
196 1024 257 1052 qne
275 1013 348 1042 facit
364 1012 508 1051 inpensis
525 1011 659 1050 propriis
675 1010 838 1039 custodiri.

161 1067 208 1097 24.
229 1083 263 1088 -
281 1066 377 1096 Cesar
398 1070 503 1094 autem
531 1064 682 1093 tumentis
700 1063 833 1101 pectoris
851 1067 1081 1102 prorumpentes

121 1120 257 1150 insidias
279 1119 401 1149 diutius
417 1118 565 1148 cohibere
589 1126 651 1147 non
677 1116 801 1151 valens,
828 1116 957 1145 Petrum
974 1116 1082 1153 Fraja-

121 1183 240 1212 panum
259 1173 439 1202 Romanum
460 1172 581 1207 civem,
603 1179 720 1208 genere
739 1170 877 1199 nobilem
895 1174 942 1199 set
965 1170 1082 1199 nobili-

123 1231 183 1255 tate
200 1225 403 1263 degenerem,
421 1233 515 1263 quem
533 1223 790 1262 predecessorum
806 1231 934 1252 suorum
950 1222 1084 1260 vestigio

123 1279 294 1308 vassallum
315 1277 455 1307 Ecclesie
471 1277 557 1306 notio
574 1276 699 1315 publica
712 1276 904 1311 manifestat,
919 1275 1084 1305 blanditiis

123 1337 154 1361 et
170 1331 313 1361 mercede
326 1339 545 1368 corrumpens,
563 1329 780 1358 nummulario
792 1329 851 1358 sibi
863 1337 935 1358 cnm
949 1329 1084 1367 pecunie

123 1384 236 1414 loculis
254 1384 291 1413 de
308 1384 397 1421 regni
416 1382 534 1421 sycilie
551 1382 658 1420 spoliis
675 1387 818 1420 patenter
833 1382 994 1420 adJuncto,
1012 1391 1084 1420 gra-

124 1447 195 1468 vem
213 1437 337 1467 absenti
357 1437 496 1475 pontifici
518 1436 706 1466 seditionem
723 1436 868 1465 excitavit
881 1436 915 1464 in
934 1436 1030 1473 Urbe,
1051 1445 1086 1466 ao

123 1491 325 1530 quorundam
347 1490 505 1520 nobilium
527 1490 665 1519 confisus
681 1489 851 1527 obsequio,
870 1490 922 1528 qui
937 1490 1003 1528 jam
1022 1491 1086 1520 fere

123 1545 320 1583 consumptis
334 1544 470 1582 propriis
482 1544 625 1572 animam
640 1542 784 1572 venalem
797 1548 970 1581 exponunt,
984 1544 1016 1572 in
1033 1544 1087 1573 Pe-

127 1598 166 1627 tri
186 1597 258 1626 sede
276 1597 467 1635 nepharium
490 1605 607 1635 ponere
631 1595 757 1625 titulum
775 1595 900 1625 Cesaris
918 1597 1085 1634 cogitabat.

130 1651 179 1680 Ne
195 1659 269 1680 vero
293 1650 424 1688 putredo
443 1649 579 1686 neglecti
596 1648 740 1678 vulneris
761 1648 856 1677 latins
875 1654 1029 1679 cresceret
1053 1650 1088 1678 in

130 1704 287 1742 reliquum
307 1712 419 1741 corpus
435 1703 546 1738 effusa,
564 1701 702 1740 providit
718 1707 803 1740 pater
818 1702 1021 1731 doctissimus
1040 1712 1088 1732 re-

131 1757 271 1786 medium
297 1757 501 1792 festinatum,
528 1755 646 1784 subitos
671 1754 832 1792 languoris
857 1755 996 1785 insultus
1019 1756 1090 1785 forti

129 1811 364 1839 medicamento
390 1809 573 1847 precidens,
597 1813 627 1837 et
648 1808 790 1837 fidelium
818 1808 956 1838 Ecclesie
980 1809 1013 1838 in
1037 1818 1090 1838 ar-

129 1865 190 1894 mis
216 1869 245 1894 et
264 1864 421 1893 machinis
440 1863 509 1893 acie
528 1863 690 1899 ordinata,
715 1862 956 1892 Cartellariam⁴
978 1863 1089 1892 turrim

129 1918 216 1947 illam
239 1917 334 1947 Babel
353 1917 441 1946 nullo
455 1917 552 1955 priori
568 1917 728 1954 fatigatam
742 1916 881 1954 impulsu
898 1916 1093 1945 comminuit

128 1977 158 2001 et
175 1975 319 2010 potenter
337 1970 467 2005 evertit3
485 1979 520 1999 ac
537 1969 662 1999 Cesaris
679 1970 841 2007 majestate
859 1969 1018 2008 depressa,
1038 1970 1090 1999 de-

128 2023 279 2062 gentibus
305 2023 424 2052 ibidem
453 2028 520 2052 erat
542 2022 607 2052 sola
630 2022 705 2060 fuga
726 2022 904 2060 presidium
931 2026 960 2052 et
986 2023 1093 2052 abdita

130 2076 327 2115 receptacula
344 2076 377 2105 in
404 2075 546 2105 tutelam.
571 2076 660 2105 Tunc
683 2075 777 2105 etiam
800 2076 876 2105 emit
896 2075 1002 2105 nobile
1025 2084 1092 2105 cas-

130 2135 214 2159 trum
231 2129 370 2159 Gualdi⁵
386 2129 483 2158 situm
501 2129 533 2157 in
555 2128 695 2167 partibus
712 2127 901 2167 Spoletanis‚
920 2129 1019 2167 ipsius
1036 2129 1093 2158 do-

131 2182 230 2211 minis
247 2191 309 2211 nou
325 2182 449 2211 modico
467 2182 565 2220 pretio
582 2186 719 2218 erogato,
735 2181 819 2219 quod
837 2181 974 2211 Ecclesie
989 2186 1094 2212 custo-

130 2235 217 2264 ditur
234 2235 389 2273 inpensis.
411 2234 680 2263 Montisssasconis
702 2238 732 2263 et
754 2234 975 2272 Radicophani
993 2239 1095 2264 castra

133 2287 254 2317 nobilia
277 2287 419 2317 turribus
438 2287 578 2316 munivit
602 2291 631 2316 et
655 2287 767 2316 muris.
792 2287 838 2316 De
859 2287 1095 2325 Iterampnensi

133 2341 260 2370 civitate
273 2340 450 2370 Viterbium
463 2339 595 2369 veniens
604 2341 627 2375 ⁶,
639 2339 780 2378 corporis
793 2339 946 2377 languore
956 2340 1095 2378 compul-

132 2403 195 2429 sus,
217 2402 271 2432 pro
288 2393 409 2422 civium
432 2393 573 2431 ipsorum
592 2392 732 2422 sedanda
755 2392 912 2422 discordia
933 2392 1096 2422 facultates

135 2446 250 2476 multas
274 2446 373 2475 subiit
394 2450 423 2475 et
442 2445 583 2481 labores,
607 2446 691 2475 circa
710 2450 812 2484 partes
835 2445 976 2483 regionis
994 2445 1096 2484 ipsius

133 2646 156 2673 1.
176 2645 196 2671 [l
212 2653 230 2680 y
250 2646 319 2671 etait
340 2645 365 2670 le
386 2645 400 2670 7
420 2644 577 2670 novembre
594 2643 674 2675 1235,
701 2643 881 2670 c'cst-a-dire
900 2643 926 2670 13
947 2645 1097 2671 neuvieme

95 2695 186 2721 annee
202 2693 239 2720 du
257 2693 414 2728 pontificat.

130 2743 155 2769 2.
173 2743 206 2769 22
223 2742 277 2768 11131
296 2742 373 2773 12³6,
391 2743 416 2768 la
433 2742 556 2768 dixieme
572 2744 664 2768 annee
680 2742 718 2768 du
734 2742 890 2776 pontificat.

132 2792 159 2819 3.
176 2791 198 2817 ΙΙ
213 2800 230 2826 y
247 2793 316 2818 etait
331 2791 395 2825 deja
410 2791 436 2817 le
452 2792 466 2817 7
480 2791 585 2825 juillet.

1196 433 1281 454 anno
1301 424 1467 453 [1661111061
1489 426 1573 461 parte
1592 422 1753 452 undecimi
1774 425 1985 451 commoratus
1998 422 2026 441 ¹·
2049 421 2154 458 ibique

1197 477 1314 506 multos
1334 477 1505 510 hereticos,
1528 484 1663 513 quorum
1690 483 1773 504 unus
1793 474 1960 504 Johannes
1980 473 2154 503 Beneventi

1198 539 1276 568 papa
1301 529 1464 558 dicebatur
1489 529 1641 566 ipsorum,
1669 532 1737 557 tum
1765 536 1799 557 ex
1829 527 1956 556 testium
1982 526 2156 556 assertione

1198 582 1284 611 fideli
1311 587 1375 611 tum
1405 590 1439 610 cx
1467 580 1666 609 confessione
1693 580 1818 618 propria
1852 579 1965 617 populo
1989 579 2155 608 assistente

1198 634 1418 673 dampnavit'2,
1437 642 1543 662 eorum
1563 633 1672 662 domos
1696 638 1725 662 et
1748 633 1861 661 turrim
1882 632 1920 661 de
1943 631 2155 661 nobilioribus

1200 687 1336 718 civitatis
1354 687 1454 725 ipsius
1470 686 1617 715 funditus
1634 686 1750 714 faciens
1769 685 1917 714 emolliri.

1240 741 1288 769 25.
1308 756 1346 761 -
1368 738 1553 768 Ρ1·3611161115
1574 738 1702 767 interim
1724 738 1892 775 imperator
1910 741 2019 767 contra
2041 736 2158 766 Heni-i-

1201 803 1272 823 cum
1299 792 1401 830 ipsius
1425 791 1540 826 filium,
1565 791 1619 828 qui
1644 791 1738 828 patris
1762 790 1886 819 excluso
1906 790 2048 819 dominio
2067 789 2156 826 regni

1201 845 1378 876 Theotonie
1402 845 1527 881 regebat
1552 844 1685 879 abenas,
1709 843 1880 881 disponens
1899 843 1928 871 111
1946 843 2155 872 ’[1160101113111

1202 898 1377 939 proficisci,
1394 897 1479 927 sodis
1502 896 1670 934 apostolice
1693 897 1869 925 subsidium
1892 895 2084 933 imploravit.
2106 896 2160 923 Set

1203 953 1255 992 pia
1271 956 1369 981 muter
1385 949 1626 988 ingratitudinis
1642 948 1738 978 oblita
1758 949 1914 986 preterit&
1929 947 2160 986 compassionis

1203 1006 1323 1035 viscera
1341 1012 1505 1033 resumens
1523 1003 1554 1031 in
1576 1002 1678 1030 filium
1703 1011 1796 1039 quem
1824 1001 1969 1030 educavit
1990 1001 2158 1033 infantem,

1204 1058 1347 1089 defendit
1362 1057 1462 1086 multo
1487 1056 1592 1085 labore
1609 1054 1764 1093 pupillum
1786 1059 1815 1083 et
1832 1053 2020 1092 provexitad
2040 1052 2159 1081 cultum

1204 1111 1332 1150 imperii
1353 1112 1417 1149 jam
1446 1109 1607 1144 adultum,
1631 1116 1669 1136 ne
1694 1107 1798 1145 planta
1824 1111 1865 1136 tot
1886 1106 1970 1135 culta
1992 1106 2162 1135 sudoribus

1205 1169 1420 1205 percuteretur
1450 1161 1584 1191 uredine
1614 1169 1711 1189 manu
1749 1159 1902 1188 subducta
1934 1159 2086 1196 rigantis,
2122 1158 2161 1187 ad

1206 1220 1326 1248 fructus
1341 1217 1447 1246 adhuc
1465 1216 1587 1250 uberes,
1608 1213 1686 1242 salsa
1703 1213 1775 1241 licet
1791 1213 1942 1250 opinione
1959 1216 2098 1246 servata,
2117 1211 2161 1239 ei-

1206 1273 1277 1302 dem
1295 1276 1402 1301 contra
1421 1269 1523 1298 tilium
1547 1272 1575 1297 et
1595 1267 1664 1305 ejus
1688 1265 1857 1303 complices
1873 1265 2027 1294 concessit
2042 1268 2163 1302 aposto-

1206 1325 1285 1354 licas
1300 1323 1426 1352 licteras
1440 1323 1530 1360 juxta
1544 1319 1680 1358 petentis
1695 1318 1876 1352 arbitrium,
1894 1317 2021 1346 modum
2040 1316 2164 1354 petitio-

1208 1378 1258 1407 nis
1278 1382 1308 1406 et
1331 1377 1475 1405 sormam.
1502 1373 1648 1402 Procedit
1669 1372 1775 1409 itaquo
1800 1371 1889 1408 quasi
1914 1379 2013 1399 novus
2035 1369 2165 1398 ecclesie

1208 1432 1352 1461 Romane
1368 1429 1500 1466 legatus,
1519 1426 1638 1455 licteris
1659 1424 1842 1463 papalibus³
1860 1423 2070 1461 premunitus,
2089 1430 2166 1460 quo-

1208 1494 1279 1514 rum
1304 1490 1474 1513 censuram
1496 1478 1671 1509 Theotonie
1690 1477 1851 1516 principes
1875 1481 1991 1505 tutores
2014 1475 2167 1504 catholice

1210 1537 1285 1566 fidei
1313 1534 1535 1569 formidantes,
1559 1532 1656 1570 patris
1680 1535 1856 1567 ressumpto
1878 1529 2022 1558 dominio
2048 1528 2086 1557 de
2107 1528 2166 1556 filii

1211 1590 1370 1620 consortio
1387 1591 1596 1617 recesserunt.
1614 1585 1715 1620 Quem
1733 1583 1858 1612 tandem
1877 1583 1914 1611 ad
1929 1583 1995 1620 ejus
2009 1581 2166 1619 gremium

1210 1652 1282 1673 cum
1305 1640 1536 1679 supplicatione
1555 1637 1648 1667 venie
1670 1637 1857 1666 redeuntem
1878 1644 1941 1664 nou
1962 1634 2069 1663 induit
2091 1633 2168 1661 stola

1212 1697 1327 1735 prima,
1345 1703 1406 1724 non
1424 1692 1538 1723 occidit
1562 1691 1698 1720 vitulum
1723 1690 1922 1727 saginatum,
1944 1693 1989 1717 set
2012 1687 2168 1725 proscrip-

1213 1756 1280 1780 tum
1307 1750 1340 1778 iu
1366 1747 1517 1785 Apuliam
1546 1745 1708 1782 regionem
1732 1744 1939 1780 longinquam
1970 1745 2056 1779 pater
2081 1740 2169 1769 hoste

1212 1801 1374 1833 crudelior
1389 1799 1528 1830 custodie
1545 1797 1749 1835 mancipavit.
1772 1795 1823 1825 Sic
1839 1796 1937 1832 igitur
1954 1794 1992 1823 ad
2011 1794 2085 1831 jura
2104 1801 2168 1822 res-

1216 1857 1327 1886 titutus
1342 1853 1486 1892 imperii,
1511 1857 1546 1881 ut
1565 1860 1618 1890 per
1642 1849 1807 1879 affinitatis
1828 1856 1988 1877 annexum
2009 1845 2170 1875 funiculos

1214 1908 1397 1939 extenderet
1415 1906 1585 1943 longiores,
1600 1911 1738 1933 sororem
1759 1902 1795 1930 R.
1818 1901 1901 1938 regis
1920 1900 2035 1937 Anglie
2050 1909 2102 1937 per
2120 1899 2170 1927 in-

1216 1966 1393 1992 terventum
1412 1959 1497 1988 sedis
1518 1957 1685 1996 apostolice
1708 1964 1781 1984 cum
1805 1953 1959 1983 instantia
1982 1951 2170 1991 postulavit3

1215 2015 1299 2054 quod
1315 2013 1426 2043 multis
1444 2011 1638 2041 elaboratum
1658 2008 1771 2037 studiis
1788 2007 1932 2036 obtinere
1955 2014 2017 2034 non
2042 2008 2171 2043 poterat,

1215 2069 1281 2098 nisi
1302 2068 1446 2097 Romana
1471 2063 1601 2094 ecclesia
1626 2061 1843 2100 permittente,
1866 2059 1904 2088 de
1929 2058 2020 2097 cujus
2043 2056 2174 2086 arbitrio

1214 2131 1268 2152 rex
1294 2126 1324 2150 et
1348 2127 1484 2157 regnum
1514 2116 1694 2146 devotionis
1718 2114 1875 2152 proposito
1903 2117 1932 2141 et
1966 2110 2173 2149 subjectionis

1217 2174 1397 2205 conditione
1414 2171 1624 2210 dependent⁴.
1646 2167 1773 2197 Annuit
1791 2171 1859 2195 voto
1875 2165 2011 2203 petentis
2027 2163 2086 2192 filii
2104 2162 2175 2201 pius

1217 2231 1315 2267 pater,
1333 2225 1465 2256 credens
1482 2224 1585 2262 ipsum
1602 2221 1795 2250 devotiorem
1811 2219 1934 2248 efficere
1950 2216 2096 2256 pluribus
2111 2215 2175 2244 lar-

1217 2280 1394 2319 gitionibus
1419 2277 1610 2315 gratiarum,
1634 2278 1663 2303 et
1686 2273 1805 2302 licteris
1830 2270 1987 2301 concessis
2010 2269 2048 2298 ad
2067 2273 2175 2298 votum

1216 2337 1353 2372 optatam
1370 2330 1431 2361 sibi
1449 2329 1593 2368 permisit
1614 2327 1784 2366 conjugem
1801 2323 1953 2362 copulari.
1970 2322 2068 2360 Cujus
2085 2330 2176 2351 occa-

1219 2388 1309 2417 sione
1326 2383 1467 2423 conjugii
1483 2385 1666 2419 conceptam
1681 2378 1827 2408 fraudem
1843 2377 2003 2406 deducens
2020 2375 2053 2404 in
2071 2374 2176 2412 publi-

1219 2449 1303 2476 cum,
1321 2437 1453 2468 eandem
1474 2435 1687 2474 provinciam,
1708 2441 1769 2471 que
1791 2432 1935 2460 Romane
1952 2429 2019 2459 sedi
2036 2427 2177 2467 peculia-

1218 2494 1264 2523 ris
1280 2492 1396 2527 existit,
1416 2498 1474 2519 suo
1490 2487 1664 2518 conabatur
1681 2485 1827 2515 dominio
1840 2483 2010 2522 applicare.

1258 2546 1307 2575 26.
1323 2561 1362 2566 ——
1377 2543 1430 2573 Sic
1451 2543 1550 2580 igitur
1574 2539 1710 2569 Ecclesie
1731 2537 1956 2575 magnificatus
1978 2533 2175 2571 auxiliojam

1220 2600 1366 2631 ultricem
1385 2604 1518 2626 manum
1541 2597 1725 2624 convertere
1750 2591 1893 2628 cogitans
1918 2589 1952 2618 in
1974 2585 2176 2619 Lombmdos,

1217 2788 1242 2813 1.
1258 2785 1301 2812 On
1317 2785 1341 2810 16
1357 2787 1458 2810 trouve
1470 2783 1485 2807 a
1500 2779 1619 2806 Viterbe
1629 2778 1667 2804 du
1679 2778 1693 2803 7
1707 2776 1860 2803 novembre
1874 2774 1940 2801 1235
1951 2782 1987 2800 311
1999 2774 2013 2800 5
2028 2772 2082 2798 mai
2099 2770 2177 2804 1236,

131 2839 158 2866 4.
176 2838 215 2866 La
230 2843 294 2867 tour
310 2840 503 2871 chartulario,
520 2841 585 2874 pres
601 2839 635 2866 de
650 2839 717 2866 l'arc
733 2839 767 2866 de
779 2839 872 2866 Titus.

132 2889 158 2916 5.
186 2888 239 2914 Les
261 2888 376 2915 chartes
402 2889 535 2915 relativos
559 2890 574 2914 a
601 2892 648 2915 cet
673 2889 757 2915 achat
783 2889 908 2922 figurent
933 2888 1097 2923 ci-dessus,

96 2943 139 2964 no*
154 2936 601 2969 chxxlx-CCLXXXV111;
624 2937 694 2963 elles
713 2941 779 2964 sont
799 2937 834 2963 de
856 2937 881 2963 la
896 2937 933 2963 fin
949 2937 985 2963 de
1000 2938 1056 2964 mai
1071 2940 1099 2964 et

96 2985 134 3012 du
154 2987 265 3020 1²¹·juiu
284 2985 362 3012 1⁴:35.

133 3034 160 3061 6.
178 3033 215 3060 Lc
231 3035 246 3061 7
263 3035 417 3060 nou-inbre
436 3034 514 3061 1235.

1180 2836 1246 2871 puis
1266 2834 1301 2860 de
1325 2834 1348 2859 13
1372 2832 1502 2858 nii-mars
1526 2829 1591 2855 1237
1609 2826 1746 2861 Jusqu'au
1767 2825 2015 2850 comment-emerit
2032 2820 2179 2846 d'octobre

1180 2885 1215 2911 de
1233 2884 1258 2910 la
1273 2883 1365 2908 meme
1382 2881 1483 2906 annee.

1214 2934 1241 2960 2.
1257 2932 1299 2959 Cf.
1318 2930 1426 2961 Potiu,
1444 2927 1539 2960 10053,
1555 2927 1592 2952 du
1608 2925 1642 2952 25
1658 2923 1811 2950 novembre
1830 2921 1908 2948 1235.

1216 2982 1242 3009 3.
1262 2981 1368 3013 Potiti„
1384 2978 1462 3008 9854,
1480 2976 1559 3006 9855.
1577 2975 1614 3001 du
1632 2973 1663 3000 13
1680 2981 1755 2999 mars
1773 2971 1850 2997 1235.

1218 3031 1244 3058 4.
1263 3029 1326 3057 Coa.
1343 3025 1528 3062 dependeret.
