2455 3560
634 359 683 388 LE
707 359 851 389 LtBER
873 358 1107 389 CENSUUM
1130 357 1184 387 DE
1209 348 1392 387 L’EGLISE
1416 359 1623 389 ROMAINE.
2130 368 2171 400 31·

128 424 258 454 deberet
273 424 383 454 adesse
402 424 550 463 presidio,
567 425 645 455 adeo
663 425 817 456 molestiis
832 427 981 462 occurrit,
1002 424 1087 464 quod

127 486 239 507 eorum
263 482 362 508 terras
384 487 463 517 quas
486 478 712 509 elemosinaria
730 478 856 509 devotio
872 478 1005 508 contulit
1020 487 1088 508 am-

128 531 242 560 bitiosa
259 539 374 560 manns
398 535 581 571 extorqueat
601 531 761 568 indevoti,
784 536 817 561 ut
838 531 931 562 homo
948 532 1035 561 vivat
1054 531 1087 560 in

127 584 237 623 adipe,
260 584 408 614 Christus
428 585 460 613 in
485 593 621 624 paupere
642 585 805 614 moriatur.
827 584 959 614 Nobiles
978 584 1089 615 domos

128 637 270 676 ipsorum
294 637 377 675 apud
397 636 548 667 Barolum
570 638 621 676 pia
643 637 787 667 fidelium
814 638 995 675 erogatione
1018 645 1088 667 con·

127 679 262 720 structas
283 690 316 719 in
337 689 449 720 Crucis
470 690 582 720 evertit
600 690 771 729 injuriam,
792 690 991 720 adversarius
1011 690 1089 720 Cru-

127 743 230 777 cifixi:
260 742 299 773 de
334 751 472 781 quarum
502 742 633 781 quadris
664 742 825 781 lapidibus
853 743 953 781 perito
984 743 1088 780 ligatis

128 795 249 825 artifice
274 795 308 824 in
334 795 463 824 civitate
489 795 640 829 Nuceria,
661 795 695 823 in
720 803 815 834 qnam
839 795 946 833 ejectis
969 795 1089 825 Christi

127 849 301 879 cultoribus
313 848 451 878 cultores
462 847 573 877 intulit
586 848 788 885 Machometi,
799 857 892 888 opere
904 849 989 887 regio
1000 858 1088 879 cons-

128 902 227 932 truxit
251 901 424 940 palatiu1n;
452 901 487 931 in
516 901 607 939 cujus
627 905 714 939 parte
743 901 932 931 cathedralis
958 902 1089 932 ecclesie

127 955 196 994 ipso
221 954 382 984 mediante
404 954 579 989 destructa,
601 953 655 983 ubi
676 953 786 984 titulus
807 954 915 984 altaris
933 955 1088 991 extiterat,

127 1008 183 1038 1116
212 1007 503 1038 christianissimus
528 1007 716 1036 Fredericus
743 1007 851 1045 palatii
881 1012 1091 1046 purgamenta

126 1061 309 1097 substituit,
327 1064 357 1090 et
379 1060 433 1090 ubi
453 1059 541 1089 filius
560 1059 617 1089 Dei
640 1060 837 1089 mactabatur
859 1060 892 1089 in
915 1069 969 1089 ara
984 1060 1089 1090 labem

126 1114 271 1144 hominis
298 1117 508 1152 purgaturus,
532 1112 619 1143 filius
642 1113 784 1143 hominis
806 1113 840 1142 in
861 1114 1089 1144 contumeliam

124 1167 278 1198 creatoris
292 1166 414 1196 ventris
429 1166 657 1196 inmunditiam
676 1166 836 1205 positurus
851 1167 980 1197 accedit.
998 1166 1090 1197 Illius

125 1220 257 1260 quidem
290 1219 428 1249 civitatis
458 1219 592 1249 antistes
621 1219 660 1249 de
686 1222 729 1249 tot
757 1219 888 1249 milibus
919 1219 1088 1250 hominum

126 1281 206 1311 quos
223 1272 401 1302 christiana
418 1271 533 1310 religio
549 1272 754 1310 congregavit
770 1272 901 1309 ibidem,
920 1273 1088 1303 duodecim

125 1325 324 1356 christicolas
347 1325 464 1354 habere
487 1325 673 1364 permissus,
695 1325 770 1355 dum
788 1325 961 1356 imminuto
976 1326 1090 1365 populo

126 1379 271 1409 fidelium
293 1383 379 1409 caret
400 1378 578 1414 consortio,
602 1377 857 1416 alienigenarum
880 1379 1090 1409 contubernia

127 1433 264 1463 circuire
279 1431 493 1470 compellitur,
512 1436 542 1461 et
557 1431 666 1470 lingue
684 1432 790 1461 native
805 1432 946 1462 officium
959 1433 993 1462 in
1009 1433 1089 1462 Ara-

126 1486 203 1516 bum
230 1490 414 1515 convertere
437 1485 585 1524 ydioma;
612 1484 690 1514 olim
718 1484 868 1523 opulenta
892 1486 1089 1524 possessione

126 1538 301 1576 fecundus,
320 1547 408 1568 nunc
430 1547 547 1577 pauper
563 1537 706 1567 serviens
725 1538 783 1567 sub
805 1538 937 1574 tributo,
955 1542 989 1568 ut
1008 1548 1089 1577 pane

127 1592 295 1623 famelicus
316 1595 475 1622 saturetur
497 1600 629 1620 manum
655 1591 798 1630 Assyriis
819 1592 893 1620 dare
916 1592 1040 1629 cogitur
1061 1597 1090 1622 et

128 1647 261 1685 Egypto.
291 1646 343 1675 Est
363 1646 458 1675 etiam
480 1645 562 1684 quod
585 1654 710 1674 eausam
735 1654 795 1674 non
821 1646 953 1675 minoris
973 1645 1089 1675 doloris

126 1700 253 1735 adiciat,
273 1699 349 1728 dum
369 1698 536 1728 Sarraceni
554 1698 652 1732 avidi,
671 1698 841 1727 christiani
859 1699 1027 1736 sanguinis
1043 1699 1089 1728 ef-

127 1754 262 1788 fusores,
275 1753 396 1790 inpune
411 1751 573 1790 perimunt
585 1751 796 1789 christianos3
812 1757 841 1781 et
853 1752 878 1781 si
892 1752 1089 1782 defensionis

126 1806 266 1845 presidio
283 1805 331 1835 vel
344 1805 519 1843 inopinatis
531 1805 697 1834 eventibus
711 1805 864 1834 occiditur
881 1805 1085 1842 Sarracenus,

128 1859 183 1898 qui
196 1868 322 1888 causam
336 1858 424 1887 dedit
437 1857 630 1896 dampnatur
641 1858 680 1887 ad
693 1862 845 1891 mortem:
863 1867 897 1887 ac
911 1858 978 1896 ipso
992 1858 1088 1887 nullis

127 1913 259 1942 invento
279 1911 530 1950 presumptionis
555 1910 699 1947 inditiis,
719 1910 767 1940 illi
789 1911 878 1948 gravi
899 1920 978 1950 pena
1003 1911 1088 1941 mul-

127 1970 235 1995 tantur
248 1965 279 1993 in
293 1972 430 2002 quorum
441 1963 582 1993 confinio
597 1963 763 1992 invenitur
778 1963 912 1994 occisus.
930 1964 1009 2000 Quis
1025 1973 1088 1993 non

127 2018 274 2048 turbetur
297 2018 328 2046 in
356 2017 527 2055 111-66116110
555 2016 772 2046 Antichristi‘?
795 2017 875 2052 Quis
901 2017 997 2046 Pilati
1024 2026 1087 2046 non

125 2071 241 2101 defleat
267 2078 499 2106 successorem,
532 2069 596 2099 imo
626 2069 740 2107 majori
771 2069 872 2100 Pilato
904 2070 1089 2100 crudelitate

127 2124 321 2159 notandum,
346 2132 419 2153 cum
444 2122 499 2152 ille
521 2131 636 2152 manus
654 2122 784 2160 laverit,
806 2122 859 2152 hic
881 2123 1011 2161 infigat3
1035 2123 1088 2154 ille

126 2177 233 2208 saltim
254 2177 355 2207 occidi
378 2176 575 2215 permiserit,
600 2176 652 2205 hic
672 2176 852 2214 extinguat3
874 2176 928 2206 ille
947 2176 1088 2206 furorem

126 2230 235 2270 populi
249 2229 369 2260 curarit
383 2233 536 2266 evertere,
551 2228 605 2259 1116
620 2233 779 2259 errantem
794 2228 945 2268 populum
961 2237 1088 2267 peccare

125 2282 319 2322 compellat?

168 2336 217 2367 33.
240 2352 278 2358 —
302 2335 356 2365 Set
375 2334 480 2364 adhuc
500 2343 617 2364 manus
638 2334 790 2364 sevientis
810 2338 934 2373 extenta
957 2334 1088 2365 clericos

128 2390 162 2419 in
180 2388 311 2418 Domini
329 2392 444 2417 sortem
461 2391 641 2426 assumptos
657 2390 687 2416 et
702 2386 866 2424 religiosos
883 2387 1041 2425 singulos,
1054 2388 1087 2417 in

127 2451 208 2481 quos
226 2451 283 2471 sue
306 2440 445 2479 potentie
463 2440 553 2470 frena
573 2440 737 2476 laxantur,
754 2440 938 2469 durissimis
953 2441 1086 2478 affligit¹

127 2494 287 2532 angariis,
305 2497 424 2531 etquos
441 2492 609 2531 utriusque
626 2492 805 2522 testamenti
817 2492 1087 2530 paginalibertate

127 2547 265 2583 dotavit,
279 2546 332 2576 1116
348 2546 517 2575 innovator
533 2545 633 2574 seculi
651 2554 732 2574 nova
745 2545 895 2575 servitute
913 2546 1086 2584 condemp-

127 2605 193 2636 nat,
214 2605 249 2629 ut
265 2608 322 2628 1166
338 2607 432 2628 sexus
448 2607 505 2628 666
521 2597 664 2628 conditio
679 2597 738 2627 sub
756 2602 925 2636 tyrampno
942 2599 1084 2637 respiret.

127 2654 233 2691 Regni
249 2652 382 2682 comites
398 2654 427 2680 et
442 2651 588 2686 barones,
607 2650 725 2689 quibus
743 2653 804 2679 tota
820 2650 950 2680 florebat
968 2651 1086 2690 Apulia

128 2710 158 2737 et
168 2704 282 2736 Sicilia
298 2703 480 2742 premunita
495 2702 665 2741 gaudebat,
678 2711 813 2741 quorum
827 2703 991 2742 obsequio,
1006 2704 1086 2733 sicut

127 2768 164 2789 ex
178 2757 327 2795 homagio
337 2756 540 2792 tenebantur,
551 2755 641 2785 sedes
649 2755 820 2794 apostolica
828 2755 908 2785 colla
917 2756 1085 2786 rebellium

127 2810 358 2849 conprimebat,
383 2809 463 2839 alios
486 2809 672 2847 dampnavit
695 2808 803 2845 exilio,
826 2808 906 2839 alios
928 2809 1011 2840 ferro
1032 2820 1086 2848 pe-

127 2864 240 2902 remit,
260 2862 415 2902 quosdam
441 2862 536 2891 samis
562 2861 759 2900 consumpsit
781 2861 906 2899 inedia,
932 2862 1084 2901 quosdam

123 3023 149 3050 1.
166 3022 229 3052 Cod.
245 3021 388 3056 affligitur.

1211 432 1317 453 carcer
1339 424 1521 455 tenebrosus
1542 428 1680 463 exausit,
1700 428 1757 459 hos
1778 429 1927 469 laqueus,
1946 432 2018 464 illos
2032 433 2159 472 gladius

1210 477 1388 513 interemit,
1415 479 1587 509 nonnullos
1612 489 1698 511 mare
1719 482 1901 520 absorbuit,
1929 485 2045 516 multos
2073 487 2163 525 ignis

1210 529 1365 559 acerbitas
1376 530 1496 560 crudeli
1513 532 1738 572 dampnatione
1754 535 1886 566 decoxit.
1899 537 2028 568 Talibus
2039 539 2162 570 Christi

1211 581 1330 611 milites
1356 583 1500 622 princeps
1521 585 1716 616 christianus
1739 587 1887 625 honorat,
1915 590 2030 621 talibus
2051 601 2164 623 recon-

1209 639 1320 672 pensat
1341 636 1508 673 stipendiis
1531 638 1682 677 obsequia
1704 641 1942 681 ministrorum,
1968 648 1997 674 et
2018 650 2052 674 ut
2074 645 2165 676 nulla

1210 687 1389 717 crudelitati
1411 690 1601 728 suffragetur
1619 693 1773 730 exceptio,
1796 703 1869 724 cum
1890 695 1923 724 in
1945 698 2166 731 exactionibus

1210 740 1352 778 repetitis
1376 741 1458 771 bona
1484 752 1609 781 queque
1633 747 1787 776 concessit
1810 749 1955 786 extorsio,
1984 755 2087 789 patres
2113 761 2168 783 ca-

1211 792 1345 830 piuntur
1360 798 1389 823 et
1406 795 1470 824 nati
1483 806 1488 831 ;
1503 800 1534 824 61
1549 797 1574 825 51
1592 806 1654 827 1106
1670 802 1715 827 651
1732 799 1815 829 unde
1829 802 1933 839 pacari
1948 803 2050 833 valeat
2065 810 2168 836 extor-

1211 846 1287 875 toris
1302 846 1471 885 instantia,
1489 850 1650 879 examinat
1665 853 1836 890 suspendio
1852 854 2004 893 feminas,
2025 861 2059 887 ut
2074 860 2168 897 penis

1211 902 1395 938 extorqueat
1424 902 1507 940 quod
1535 902 1569 931 in
1596 907 1676 933 terre
1701 905 1874 937 visceribus
1899 909 2039 948 cal[l]ida
2065 912 2167 942 credit

1211 952 1363 990 opinione
1379 954 1549 992 sepultum.

1251 1004 1299 1036 34.
1323 1023 1360 1028 —
1383 1006 1478 1037 Molle
1500 1017 1601 1045 genus
1622 1009 1789 1041 hominum
1812 1013 1947 1044 seminas
1968 1025 2025 1047 nec
2044 1018 2169 1050 Cesaris

1211 1058 1258 1087 ira
1277 1058 1429 1097 dignum,
1456 1070 1519 1091 non
1542 1061 1633 1100 culpe
1656 1063 1793 1101 qualitas
1818 1066 1871 1095 sed
1891 1069 2025 1099 avaritia
2044 1072 2170 1103 tortoris

1211 1111 1342 1149 affligit,
1367 1121 1430 1142 non
1456 1118 1635 1153 presumpte
1657 1117 1843 1154 suspitionis
1867 1120 1975 1158 opinio
1997 1127 2043 1153 set
2064 1123 2166 1156 libido

1213 1165 1373 1195 excruciat
1398 1167 1557 1208 sevieudi;
1575 1168 1739 1199 rationalis
1760 1171 1879 1201 animal
1895 1173 2074 1206 irrationali
2090 1186 2162 1208 cru-

1211 1217 1315 1247 delius
1329 1218 1360 1247 in
1375 1227 1426 1249 eas
1441 1229 1595 1258 penarum
1609 1223 1959 1262 61161·66166111605,611111
1971 1229 2090 1266 quibus
2101 1240 2159 1261 sua.

1210 1270 1373 1302 lenocinia
1389 1273 1618 1312 frequentavit3
1633 1275 1703 1313 plus
1719 1281 1842 1307 amator
1855 1281 1988 1317 pecunie
2003 1291 2098 1320 quam
2115 1293 2166 1314 sa-

1210 1322 1300 1360 lutis,
1317 1325 1363 1354 eis
1380 1325 1414 1354 in
1432 1335 1568 1364 quarum
1583 1327 1800 1366 complexibus
1817 1332 1904 1369 ponit
1920 1333 2064 1364 animam
2078 1335 2170 1367 illec-

1212 1379 1261 1406 tus
1279 1378 1416 1415 pecunia
1436 1387 1499 1409 non
1524 1380 1682 1419 indulget.
1701 1382 1767 1412 Hoc
1782 1383 1876 1413 babet
1890 1385 2037 1423 jumento
2052 1389 2167 1419 crude-

1212 1428 1287 1465 lius,
1302 1430 1386 1469 quod
1403 1431 1567 1463 masculus
1579 1433 1700 1463 desevit
1713 1435 1747 1464 in
1763 1437 1952 1476 masculum,
1969 1440 2021 1469 sed
2036 1441 2168 1472 seminis

1211 1482 1310 1512 caude
1322 1483 1499 1515 lenimento
1512 1486 1694 1525 blanditur3
1713 1488 1797 1518 idem
1814 1495 1920 1521 autem
1938 1501 2001 1522 non
2019 1494 2170 1525 substan-

1213 1535 1269 1572 tia,
1294 1545 1356 1566 non
1382 1539 1535 1576 pecunia,
1562 1549 1625 1570 non
1651 1542 1820 1579 sanguinis
1845 1545 2000 1576 effusione
2022 1548 2169 1587 quietus,

1213 1593 1246 1618 ut
1264 1589 1386 1620 nullius
1413 1600 1492 1628 pene
1515 1592 1638 1623 nullius
1668 1594 1788 1633 injurie
1815 1596 1999 1628 inveniatur
2022 1602 2169 1640 emunis,

1211 1642 1338 1672 afflictas
1356 1643 1498 1681 virgines
1517 1650 1546 1674 et
1564 1646 1668 1676 adbuc
1687 1653 1854 1686 parentum
1875 1653 1993 1681 recenti
2010 1655 2172 1692 sanguine

1211 1700 1390 1725 cruentatas
1407 1697 1439 1725 in
1457 1697 1684 1729 consolationis
1701 1701 1878 1732 remedium
1895 1713 1946 1733 rex
1964 1705 2036 1743 pius
2052 1708 2169 1745 prosti-

1214 1749 1346 1778 tutionis
1367 1749 1429 1779 sibi
1452 1751 1619 1789 conjungit
1638 1752 1750 1789 abusu,
1770 1763 1805 1784 ac
1822 1756 2008 1787 emissarius
2027 1759 2170 1791 indefes-

1211 1810 1265 1830 sus
1281 1802 1313 1830 in
1331 1802 1482 1839 seminas,
1499 1812 1559 1833 non
1576 1806 1768 1844 conjugatis,
1785 1817 1846 1837 non
1861 1809 1970 1847 solutis
1984 1811 2170 1851 indulgens,

1210 1855 1396 1892 aggreditur
1424 1856 1549 1885 viribus
1572 1867 1651 1896 quas
1676 1867 1739 1888 11011
1765 1862 1925 1898 permictit
1949 1872 2113 1901 assensus,
2142 1870 2174 1896 et

1210 1916 1288 1946 quas
1304 1907 1416 1938 oculus
1433 1914 1564 1939 venator
1578 1910 1752 1948 obtulerat,
1775 1915 1884 1944 currui
1906 1915 2100 1948 feminarum
2115 1919 2172 1949 ad-

1206 1960 1367 1998 jungens,
1391 1962 1495 1991 dulcis
1517 1963 1637 1993 coccini
1664 1964 1782 2002 glareis
1803 1971 1876 1997 ante
1896 1977 1928 1998 se
1954 1969 2051 2000 trahit
2074 1971 2173 2002 innu-

1210 2022 1329 2049 meras,
1347 2018 1376 2043 et
1395 2019 1460 2053 post
1481 2025 1513 2045 se
1529 2016 1770 2048 multitudinem
1788 2020 2045 2060 subsequentem.
2064 2024 2174 2055 Pirata

1210 2066 1349 2096 crudelis
1372 2067 1537 2105 virginum
1562 2070 1700 2107 piscatus
1723 2072 1907 2111 naufragia,
1936 2076 2179 2113 procacissimis

1211 2119 1302 2158 Syris
1328 2121 1517 2159 pudicitiam
1538 2122 1718 2160 puellarum
1736 2134 1896 2164 exponens
1919 2138 1998 2166 quas
2022 2130 2171 2161 christia-

1210 2182 1272 2202 nus
1300 2179 1440 2204 caracter
1468 2175 1687 2214 impresserat,
1717 2180 1946 2218 proscriptione
1973 2182 2068 2222 longa
2097 2194 2170 2215 cum

1211 2225 1349 2256 Soldano
1372 2232 1532 2257 mercatur
1551 2232 1583 2258 ut
1601 2229 1754 2268 templum
1774 2231 1916 2271 Domini,
1934 2237 2086 2267 castitatis
2103 2238 2170 2276 sig-

1211 2279 1375 2316 naculum,
1393 2280 1573 2311 inmundus
1589 2282 1689 2313 solvat
1705 2287 1733 2313 et
1752 2285 1871 2323 polluat
1885 2288 2064 2325 Agarenus.

1251 2332 1299 2362 35.
1324 2349 1361 2354 —-
1383 2333 1448 2364 Nec
1465 2334 1499 2363 iu
1518 2334 1582 2364 hiis
1603 2336 1758 2373 avertitur
1779 2338 1867 2369 furor
1890 2341 1969 2379 ejus,
1994 2348 2041 2372 set
2063 2344 2170 2375 adhuc

1211 2393 1327 2415 manus
1352 2387 1505 2416 sevientis
1533 2392 1669 2418 extenta.
1696 2390 1780 2420 Nam
1804 2397 1907 2430 preter
1934 2394 2005 2424 illas
2030 2398 2170 2428 exactio-

1210 2447 1288 2468 num
1306 2439 1437 2477 species,
1456 2449 1535 2478 quas
1553 2442 1719 2479 personale
1735 2449 1880 2482 procurat
1893 2446 2047 2485 edictum,
2066 2458 2168 2481 novus

1210 2496 1337 2521 monete
1366 2491 1531 2529 falsarius,
1561 2493 1637 2524 dum
1666 2504 1718 2524 era
1746 2497 1832 2526 cudit
1858 2498 1983 2530 diverso
2011 2507 2168 2534 caractere

1208 2544 1333 2581 argenti
1357 2545 1445 2574 1611111
1467 2547 1693 2585 superinducta
1716 2549 1864 2587 cuticula,
1884 2554 2011 2591 exponit
2027 2555 2169 2586 occultus

1209 2600 1364 2627 mercator
1378 2598 1518 2636 venalia,
1537 2609 1595 2630 nec
1612 2606 1757 2639 quartam
1775 2607 1895 2641 partem
1911 2606 2005 2643 pretii
2019 2607 2167 2640 valitura.

1210 2649 1292 2679 Salis
1311 2655 1341 2680 et
1356 2651 1444 2688 ferri,
1462 2661 1497 2682 ac
1515 2661 1626 2683 eorum
1643 2655 1789 2685 omnium
1805 2666 1867 2695 que
1885 2659 1996 2689 usibus
2012 2660 2169 2693 debentur

1208 2702 1361 2733 humanis
1389 2706 1581 2736 commercia
1607 2707 1784 2745 interdicit,
1812 2714 1846 2739 ut
1873 2711 1954 2741 nulli
1983 2722 2089 2745 emere
2116 2716 2167 2746 vel

1209 2756 1346 2786 vendere
1368 2756 1476 2795 liceat,
1503 2759 1568 2788 nisi
1586 2761 1676 2798 prius
1700 2762 1773 2791 novi
1793 2763 1876 2800 juris
1899 2764 1948 2794 vel
1971 2766 2091 2805 injurie
2109 2778 2167 2799 sua

1207 2808 1310 2846 portio
1326 2809 1512 2847 deducatur,
1532 2812 1673 2843 Faraone
1688 2814 1859 2852 crudelior,
1876 2817 1931 2855 qui
1952 2818 1978 2847 si
1997 2820 2165 2852 subtractis

1206 2860 1308 2899 paleis
1330 2862 1443 2893 lateres
1469 2864 1676 2902 duplicasset,
1706 2868 1850 2897 cornei-tii
1877 2869 1988 2900 saltem
2014 2881 2078 2903 non
2099 2875 2164 2912 pri-

1206 2919 1335 2944 vaverat
1358 2915 1514 2947 libertate.
1540 2918 1600 2948 Hic
1622 2923 1669 2948 est
1690 2929 1743 2949 rex
1766 2920 1933 2959 religionis
1957 2930 2095 2963 amator,
2122 2927 2167 2957 sic

1207 2966 1354 2997 indicens
1375 2968 1452 3006 ipsis
1476 2969 1675 3001 secularibus
1698 2973 1915 3005 observantias
1934 2977 2111 3016 regulares,
2131 2985 2168 3010 ut

1208 3019 1284 3049 dum
1314 3021 1422 3050 omnia
1452 3023 1511 3052 sibi
1541 3025 1773 3055 comunicanda
1798 3027 1957 3066 decernit,
1987 3031 2088 3061 nichil
2113 3041 2165 3064 eos
