2465 3582
228 340 264 369 52
770 339 818 367 LE
842 339 984 368 LIBER
1007 338 1238 369 CENSUUM
1262 340 1315 369 DE
1338 330 1524 370 L'EGLISE·
1547 340 1755 371 ROMAlNE.

704 405 747 433 18.

310 516 371 544 ln¹
398 514 527 544 nomine
554 513 684 542 Domini
689 534 750 541 .....
777 513 921 542 Andreas
946 513 1032 542 filius
1059 513 1219 552 qnondam

267 568 418 606 Stephani
438 567 637 595 Barbarubee
656 566 692 595 de
713 566 842 603 regione
859 571 1039 596 sauctorum
1056 567 1220 596 Laurentii

266 627 295 651 et
311 621 452 650 Damassi
468 628 524 649 sua
539 619 620 649 bona
633 625 662 648 et
673 624 846 657 spontanea
862 619 1023 649 voluntate
1035 620 1132 653 dedit,
1146 629 1219 649 ven-

267 674 347 702 didit
372 678 400 702 et
422 672 577 702 concessit
599 672 775 701 venerabili
799 673 866 702 viro
886 672 1016 702 domino
1037 672 1161 710 Angelo
1183 672 1220 702 de

265 727 420 762 Veczosis‚
438 725 613 755 camerario
626 725 748 754 domini
765 734 839 763 pape
846 749 903 755 .....
923 726 1122 756 medietatem
1139 726 1219 755 dua-

265 790 336 809 ruin
360 779 514 817 petiarum
532 779 695 807 vinearum
714 787 786 807 cum
805 782 885 807 terra
903 783 932 808 et
949 779 1064 808 vitibus
1080 784 1109 808 et
1125 779 1218 808 arbo-

266 833 353 862 ribus
370 832 453 861 insra
473 841 555 868 eam,
574 832 610 861 3ι1
633 841 736 861 veram
756 837 785 862 et
809 832 963 862 mundam
987 833 1219 871 proprietatem,

263 895 345 924 quas
372 893 560 915 communes
586 893 639 923 pro
665 885 802 915 indiviso
832 885 927 915 habet
951 894 1022 915 cum
1049 885 1220 915 heredibus

265 940 403 969 Davanzi
428 939 532 968 fratris
558 939 605 967 sui
633 947 769 977 quorum
799 943 843 968 est
875 944 967 973 tutor.
994 940 1109 978 positas
1134 942 1220 968 extra

263 998 383 1031 portam
412 993 551 1022 Auream
580 992 612 1020 in
642 996 750 1021 monte
777 992 948 1029 Geretulo;
980 1002 1115 1031 quarum
1141 992 1221 1022 dixit

264 1055 333 1075 esse
350 1046 425 1075 tales
443 1045 597 1075 confines.
614 1045 663 1075 Ab
678 1054 741 1075 uno
758 1046 855 1075 latere
873 1050 956 1074 tenet
974 1046 1087 1075 Petrus
1102 1045 1216 1081 Bursa,

261 1100 300 1129 ab
325 1099 386 1129 alio
410 1098 654 1128 Bai-tholomeus
675 1103 704 1128 et
724 1098 904 1136 Stephanus
929 1099 1129 1128 Barbarubee
1156 1099 1218 1127 fra-

264 1158 337 1189 tres,
362 1153 401 1182 ab
420 1152 481 1182 alio
508 1157 554 1182 est
574 1152 625 1181 via
651 1157 679 1181 et
702 1153 741 1181 ab
762 1152 822 1182 alio
842 1156 889 1182 est
909 1152 1029 1182 vicolus
1051 1151 1217 1188 vicinali53

262 1215 333 1236 cum
354 1206 533 1236 accessibus
549 1210 579 1235 et
597 1206 776 1243 egressibus
794 1206 870 1241 suis,
889 1206 1010 1241 usibus,
1029 1205 1218 1235 utilitatibus

262 1264 292 1290 et
308 1259 518 1298 pertinentiis,
534 1259 572 1288 ad
589 1259 772 1288 habendum
779 1282 837 1288 .....
857 1268 910 1298 pro
928 1260 1026 1298 pretio
1043 1263 1072 1288 et
1089 1259 1218 1289 nornine

261 1313 353 1351 pretii
370 1312 485 1350 viginti
498 1311 596 1342 unius
612 1311 767 1341 librarum
784 1312 940 1342 bonorum
955 1312 1217 1350 proveniensium

260 1370 398 1395 senatus.
415 1365 501 1401 Quas
515 1365 599 1394 idem
613 1365 757 1394 Andreas
770 1364 913 1394 venditor
929 1365 1092 1394 confessus
1105 1369 1149 1394 est
1156 1387 1216 1396 .....

260 1419 308 1449 Ad
330 1418 387 1448 hec
409 1418 521 1447 Petrus
541 1418 642 1447 Bursa
659 1418 696 1447 de
716 1418 927 1447 Barbarubeis
950 1418 1090 1455 ejusdem
1113 1418 1217 1455 regio-

259 1472 327 1507 nis,
353 1475 462 1508 rogatu
487 1474 517 1500 et
532 1470 676 1508 precibus
700 1470 776 1499 dicti
798 1470 925 1499 Andree
944 1470 1118 1500 venditoris
1138 1470 1216 1500 fide-

258 1524 351 1562 jUssit
356 1546 415 1553 .....

300 1578 414 1606 Actum
439 1576 554 1612 Rome,
573 1575 654 1614 apud
681 1575 845 1605 basilicam
865 1576 947 1605 beati
970 1576 1072 1613 Petri,
1097 1576 1131 1605 in
1152 1575 1216 1606 sala

260 1639 383 1660 camere
405 1629 513 1668 palatii
535 1629 612 1658 dicti
637 1629 761 1658 domini
784 1629 973 1665 camerarii,
999 1634 1145 1668 presente
1166 1638 1217 1659 me

262 1683 430 1712 scriniario
454 1686 483 1711 et
504 1681 568 1711 hiis
590 1681 721 1711 testibus
737 1682 775 1711 ad
796 1682 854 1711 hec
870 1682 1021 1712 adhibitis
1037 1686 1067 1712 et
1084 1682 1215 1720 rogatis,

261 1735 364 1765 silicet
381 1735 512 1764 domino
536 1734 793 1773 Calixtojudice,
813 1734 939 1764 Matheo
959 1734 996 1764 de
1012 1734 1117 1765 Conca
1137 1735 1215 1764 scri-

259 1789 373 1825 niario,
393 1789 518 1818 Brunco
536 1792 647 1826 nepote
663 1788 738 1817 dicti
757 1788 880 1817 domini
896 1788 1075 1827 camerarii,
1092 1787 1217 1817 civibus

259 1842 431 1877 Romanis,
448 1841 579 1871 domino
602 1841 753 1878 magistro
774 1841 891 1870 ι1300110
910 1840 947 1870 de
965 1841 1081 1870 Parma
1103 1839 1216 1870 clerico

258 1904 382 1925 camere
400 1894 521 1924 domini
543 1903 621 1932 pape
639 1899 668 1923 et
685 1894 789 1923 Labro
811 1894 880 1923 cive
903 1899 932 1923 et
955 1898 1128 1924 mercatore
1153 1894 1216 1923 Lu-

258 1956 348 1977 cano.

298 2001 361 2038 Ego
380 2000 614 2039 Stephanus...

300 2054 416 2083 Eodem
432 2055 539 2082 anno2
555 2057 585 2082 et
601 2052 787 2088 indictione,
801 2061 910 2081 mense
923 2053 1007 2090 junii
1024 2052 1075 2082 die
1085 2053 1140 2089 X⁰‚
1155 2053 1215 2083 Bo-

259 2107 365 2136 bertus
382 2106 491 2136 ι1300111
517 2105 556 2135 (16
580 2106 710 2143 regione
735 2105 845 2143 Campi
869 2105 993 2142 Martis,
1013 2114 1070 2135 sua
1089 2105 1171 2135 bona
1186 2109 1215 2135 et

257 2164 429 2198 spontanea
445 2158 608 2188 voluntate
628 2158 728 2194 dedit,
747 2158 889 2188 vendidit
906 2163 935 2188 et
950 2159 1103 2188 concessit
1118 2167 1214 2188 vene-

258 2212 353 2242 rabili
370 2212 438 2242 viro
454 2211 584 2241 domino
602 2211 725 2249 Angelo
740 2211 778 2240 de
794 2211 939 2241 Veezosis
961 2212 1135 2241 camerario
1156 2212 1214 2241 do-

258 2265 338 2294 mini
351 2274 430 2304 pape
433 2287 494 2295 .....
511 2269 573 2294 tres
589 2264 688 2303 petias
706 2264 888 2303 vinearum,
907 2264 1006 2293 vitum
1024 2264 1212 2293 etarborum

259 2322 396 2354 tantum,
415 2317 486 2356 plus
503 2317 551 2347 vel
568 2317 678 2347 minus
694 2322 812 2356 quanta
826 2322 889 2353 est7
907 2317 1023 2356 positas
1039 2321 1123 2347 extra
1142 2325 1214 2355 por-

261 2376 322 2401 tam
341 2373 482 2401 Auream
500 2371 534 2400 in
550 2376 657 2401 monte
673 2370 837 2407 Geretulo,
863 2372 904 2407 in¹
923 2371 1111 2409 proprietate
1133 2371 1214 2401 dicte

258 2424 389 2454 ecclesie
412 2425 572 2459 Romane.
597 2433 692 2462 quam
716 2433 817 2462 nuper
842 2424 919 2453 emit
942 2424 1042 2453 dictus
1065 2423 1213 2453 dominus

256 2478 450 2508 camerarius
464 2486 482 2506 a
496 2477 693 2516 Compangio
707 2476 868 2507 ,1011311015
886 2477 996 2507 Lucidi
1013 2486 1067 2516 pro
1083 2477 1213 2508 domino

257 2539 334 2569 papa
350 2534 447 2568 etpro
466 2530 610 2559 Romana
629 2528 779 2565 ecclesia,
800 2538 935 2568 quarum
959 2529 1037 2558 dixit
1053 2539 1120 2559 esse
1139 2530 1213 2560 tales

257 2583 409 2612 confines.
435 2582 484 2612 Ab
509 2590 572 2611 uno
598 2581 696 2611 latere
719 2587 803 2611 tenet
825 2582 893 2620 ipsa
916 2581 1048 2612 ecclesia
1069 2583 1214 2613 Romana

255 2769 280 2795 1.
297 2768 387 2794 Meme
404 2767 477 2793 date.
493 2781 529 2787 —
547 2766 660 2801 Andre,
681 2767 724 2793 fils
745 2766 893 2793 d'Etienne
915 2766 1110 2800 Barbarubea,
1132 2767 1167 2794 de
1189 2768 1214 2794 la

219 2816 317 2850 region
334 2816 368 2842 de
386 2815 608 2842 Saint-Laurent
622 2816 649 2841 in
667 2814 801 2846 Damaso,
819 2815 891 2840 vend
912 2823 946 2841 nu
970 2816 1061 2841 meme
1077 2817 1214 2843 camon-ier

219 2866 293 2891 deux
312 2865 406 2899 pleces
422 2864 455 2889 de
472 2865 557 2897 vigne
573 2864 648 2890 sises
664 2872 697 2889 au
716 2863 806 2889 1116016
822 2864 943 2890 endroit.

253 2914 279 2939 2.
306 2913 338 2939 ι10
360 2913 419 2946 juin
445 2911 520 2938 1278.
544 2924 579 2931 —-
603 2911 711 2937 Robert
735 2910 850 2944 Jacobi,
876 2911 910 2937 de
936 2912 959 2937 la
986 2913 1082 2946 region
1107 2912 1213 2948 Campo

220 2961 323 2993 Marzo,
342 2960 412 2986 vend
429 2968 464 2986 au
482 2960 572 2985 nieme
593 2961 730 2985 camericr
753 2960 793 2985 les
813 2960 904 2994 plants
927 2959 960 2986 de
983 2961 1053 2986 trois
1070 2960 1163 2994 pi'eces
1179 2961 1213 2987 de

221 3010 315 3044 vigne,
333 3010 401 3034 dont
417 3009 441 3034 le
458 3008 499 3034 sol
515 3017 530 3034 a
547 3010 590 3034 ete
605 3009 704 3035 achete
721 3017 769 3043 par
785 3008 809 3034 le
827 3008 1017 3043 Saint-Siege.

1343 406 1454 435 vineas
1469 416 1546 445 quas
1562 408 1639 436 emit
1656 417 1755 446 nuper
1769 418 1787 438 a
1804 408 1879 438 filiis
1895 409 2016 439 domini
2034 410 2197 441 Laurentii
2212 412 2301 443 Petri

1344 460 1520 496 Laurentii,
1535 460 1573 489 ab
1590 460 1661 489 aliis
1680 466 1763 491 tenet
1778 461 1909 492 basilica
1925 462 2008 492 beati
2025 463 2123 500 Petri,
2139 469 2168 494 et
2183 465 2222 494 ab
2235 465 2298 496 alio

1343 517 1418 541 sunt
1439 513 1521 541 muri
1547 513 1646 549 urbis,
1666 519 1695 542 et
1713 514 1751 543 ab
1771 513 1834 543 alio
1851 519 1897 544 est
1914 514 2035 545 vicolus
2050 516 2206 554 publicus,
2223 526 2298 547 curn

1341 565 1519 594 accessibus
1531 569 1559 594 61
1570 566 1749 603 egressibus
1762 567 1839 603 suis,
1855 567 1974 603 usibus,
1988 568 2177 598 utilitatibus
2190 573 2218 599 et
2230 579 2296 608 per-

1343 617 1496 652 tinentiis,
1515 618 1551 646 ad
1571 618 1752 648 habendum
1759 642 1817 648 .....
1836 629 1890 658 pro
1905 621 2005 658 pretio
2016 625 2047 650 et
2063 622 2192 651 nomine
2206 623 2299 660 pretii

1342 669 1473 707 triginta
1502 675 1638 708 quatuor
1667 671 1820 701 librarum
1852 673 2006 702 bonorum
2037 674 2298 711 proveniensium

1342 728 1480 753 senatus.
1497 724 1582 760 Quas
1600 725 1686 754 idem
1704 725 1858 755 Hobertus
1864 749 1923 756 .....
1941 726 1990 756 Ad
2003 726 2060 757 hec
2076 728 2213 758 ι13001105
2231 728 2296 758 Ste-

1342 776 1439 815 phani
1462 776 1649 807 Gai-zenone
1669 782 1698 807 et
1718 778 1888 808 Contutius
1908 780 2094 809 Ammanati
2113 780 2150 810 de
2166 781 2298 819 regione

1342 831 1479 868 porticus
1498 832 1596 860 sancti
1622 831 1725 868 Petri,
1748 832 1842 861 ambo
1862 833 1957 862 simul
1981 838 2010 862 et
2031 833 2166 871 quilibet
2189 842 2299 864 eorum

1341 883 1375 911 in
1392 883 1542 920 solidum,
1558 888 1667 921 rogatu
1684 889 1712 913 et
1728 885 1872 923 precibus
1886 885 1963 916 dicti
1979 886 2107 916 Roberti
2125 887 2300 917 venditoris

1340 936 1568 975 fidejusserunt
1572 959 1632 966 .....

1380 991 1495 1019 Actum
1524 990 1640 1027 Rome,
1665 990 1748 1029 apud
1776 991 1891 1021 dictam
1916 991 2098 1028 basilicam,
2126 993 2157 1021 in
2185 991 2300 1031 palatio

1340 1042 1416 1072 dicti
1433 1042 1556 1072 domini
1574 1043 1754 1080 camerarii,
1773 1048 1915 1082 presente
1932 1054 1982 1074 me
2000 1045 2168 1075 scriniario
2187 1050 2217 1075 et
2234 1045 2298 1075 hiis

1342 1096 1472 1125 testibus
1502 1096 1541 1125 ad
1566 1096 1623 1126 hec
1650 1097 1804 1126 adhibitis
1831 1102 1861 1126 et
1887 1098 2022 1135 rogatis,
2045 1098 2146 1128 silicet
2168 1098 2300 1129 domino

1340 1149 1491 1186 magistro
1510 1149 1640 1179 Alberlo
1662 1150 1700 1179 tle
1729 1151 1843 1179 Parma
1866 1151 2020 1180 canonico
2046 1151 2128 1181 dicte
2154 1151 2295 1188 basilice,

1340 1202 1471 1232 domino
1492 1203 1641 1240 magistro
1665 1203 1783 1233 ι1300110
1805 1203 1843 1233 de
1864 1204 1979 1232 Parma
2004 1203 2117 1234 clerico
2139 1204 2222 1234 dicte
2244 1213 2298 1234 03-

1340 1264 1440 1291 111616,
1457 1256 1585 1285 domino
1601 1255 1727 1285 Gentile
1747 1255 1863 1286 clerico
1883 1256 1957 1286 dieti
1979 1256 2101 1286 domini
2119 1257 2298 1296 camerarii,

1339 1308 1432 1338 Petro
1450 1309 1562 1346 Bussa,
1581 1309 1705 1347 Angelo
1724 1309 1810 1339 Petri
1828 1309 1967 1346 Roberti,
1987 1310 2170 1348 presbytero
2186 1309 2299 1340 Somao

1340 1367 1460 1392 rectore
1478 1362 1609 1392 ecclesie
1627 1363 1727 1393 sancti
1746 1363 1912 1393 Benedicti
1935 1364 2055 1400 Somni,
2078 1363 2196 1393 Ariano
2214 1363 2300 1393 Petri

1342 1415 1424 1450 Bufi,
1444 1420 1474 1445 et
1489 1416 1639 1446 Contutio
1653 1417 1844 1446 Acomanni.

1380 1468 1445 1506 Ego
1462 1468 1640 1507 Stephanus
1645 1491 1703 1499 .....

1779 1582 1823 1612 19.

1378 1681 1417 1711 10
1438 1683 1447 1702 ¹
1487 1683 1616 1712 nornine
1651 1682 1795 1712 Domini.
1827 1684 1922 1713 Anno
1957 1683 2088 1713 Domini
2126 1683 2299 1714 millesimo

1339 1735 1585 1771 CCLXXVHP,
1607 1741 1744 1774 tempore
1760 1735 1883 1765 domini
1898 1735 2022 1766 Nicolai
2039 1736 2120 1766 tertii
2138 1745 2226 1775 pape,
2245 1737 2298 1766 111-

1338 1787 1478 1818 dictione
1495 1788 1550 1825 VI,
1569 1797 1679 1818 mense
1695 1788 1773 1818 maii
1790 1789 1841 1818 die
1859 1797 1953 1818 nona.
1974 1789 2119 1819 Andreas
2137 1789 2296 1819 Barbaru-

1338 1841 1396 1870 bea
1413 1840 1451 1871 de
1467 1840 1597 1878 regione
1613 1846 1794 1871 sanctorum
1813 1841 1978 1871 Laurentii
1996 1847 2025 1871 et
2047 1842 2198 1878 Damasii,
2216 1842 2297 1872 civis

1338 1893 1514 1931 Romanus,
1533 1898 1614 1924 tutor
1627 1894 1807 1932 Symeonis‚
1822 1895 1995 1925 Andreotie
2009 1899 2039 1924 et
2050 1895 2184 1933 Agnetis
2199 1904 2297 1934 nepo-

1340 1952 1406 1976 tum
1422 1956 1565 1985 suorum,
1585 1947 1725 1977 filiorum
1742 1948 1902 1986 quondam
1922 1947 2062 1977 Davanzi
2074 1948 2221 1985 germani
2238 1948 2298 1978 fra-

1340 2002 1394 2030 tris
1410 2001 1520 2038 ipsius,
1538 2001 1576 2030 de
1591 2002 1682 2039 cujus
1704 2001 1800 2030 tutela
1822 2001 1912 2039 plene
1932 2005 2061 2040 apparet
2082 2010 2136 2040 per
2151 2011 2202 2031 me
2218 2001 2298 2031 scri-

1339 2053 1477 2083 niarium
1503 2054 1741 2092 insrascriptum
1764 2058 1793 2083 et
1815 2062 1885 2083 meo
1911 2053 2035 2084 decreto
2057 2058 2088 2084 et
2111 2055 2297 2085 auctoritate

1337 2106 1524 2145 interposita
1540 2107 1573 2136 in
1590 2107 1648 2137 hac
1666 2114 1767 2145 parte,
1795 2116 1868 2137 cum
1890 2107 1958 2146 ipse
1977 2112 2060 2137 tutor
2082 2116 2140 2137 nec
2159 2108 2220 2146 ipsi
2236 2117 2296 2147 pu-

1336 2160 1406 2198 pilli
1422 2160 1641 2199 insrascriptas
1658 2161 1769 2191 vineas
1789 2161 1926 2191 retinere
1944 2162 2115 2200 nequirent
2133 2166 2298 2200 propterea

1336 2213 1420 2252 quod
1445 2214 1594 2243 dominus
1619 2223 1697 2253 papa
1724 2219 1850 2253 propter
1877 2223 1959 2244 nova
1984 2213 2098 2253 palatia
2123 2224 2186 2253 que
2211 2223 2298 2245 nunc

1335 2267 1477 2296 construi
1492 2267 1566 2296 lecit
1578 2267 1661 2305 apud
1677 2266 1831 2305 palatium
1844 2266 1972 2297 basilice
1982 2267 2065 2297 beati
2083 2267 2169 2296 Petri
2185 2267 2297 2297 vineas

1337 2323 1366 2349 et
1383 2320 1463 2349 alias
1484 2325 1580 2350 terras
1604 2329 1701 2359 prope
1726 2325 1756 2350 et
1777 2322 1866 2359 juxta
1889 2320 1972 2351 dieta
1992 2320 2107 2359 palatia
2128 2321 2299 2359 acquisivit

1336 2381 1371 2402 30
1386 2373 1508 2412 acquiri
1524 2373 1598 2403 fecit
1615 2383 1671 2412 per
1689 2373 1906 2403 venerabilem
1922 2374 2028 2403 virum
2044 2373 2210 2403 dominum
2227 2374 2297 2404 An-

1335 2426 1443 2464 gelum
1457 2427 1496 2456 de
1513 2427 1659 2457 Veczosis
1675 2427 1886 2456 camerarium
1905 2427 1973 2465 ejus
1989 2426 2028 2456 ad
2044 2435 2122 2466 opus
2138 2432 2167 2457 et
2181 2427 2298 2457 utilita-

1336 2483 1398 2509 tem
1415 2479 1516 2518 ipsius
1535 2484 1564 2509 et
1581 2480 1725 2510 Romane
1741 2479 1887 2515 ecclesie,
1906 2489 1962 2509 sua
1977 2480 2060 2510 bona
2076 2484 2105 2509 et
2123 2484 2297 2519 spontanea

1336 2532 1515 2570 voluntate,
1539 2533 1650 2563 tutorio
1672 2532 1805 2563 nomine
1820 2532 2033 2571 predictorum
2055 2532 2252 2571 pupillorum
2266 2536 2296 2563 et

1336 2594 1391 2624 pro
1408 2586 1471 2623 eis,
1486 2586 1585 2623 dedit,
1607 2586 1748 2615 vendidit
1763 2590 1793 2616 et
1808 2586 1962 2616 concessit
1978 2585 2081 2616 eidem
2097 2586 2227 2616 domino
2243 2595 2297 2616 ea-

1332 2770 1356 2796 1.
1374 2770 1389 2797 9
1405 2770 1459 2796 mai
1477 2770 1555 2797 1278.
1574 2784 1610 2790 —
1630 2770 1668 2796 Le
1690 2770 1792 2804 meme,
1809 2769 1938 2804 agissant
1953 2777 2064 2796 comme
2080 2773 2176 2797 tuteur
2191 2770 2225 2797 de
2245 2778 2295 2798 ses

1296 2826 1407 2845 neveux
1419 2818 1564 2851 Davanzo,
1576 2819 1648 2845 vend
1663 2827 1698 2845 au
1713 2819 1804 2845 meme
1816 2819 1956 2845 camerier
1966 2818 2041 2844 deux
2056 2819 2151 2852 pisces
2162 2819 2196 2845 de
2207 2819 2294 2854 vigne

1295 2867 1404 2893 situees
1424 2876 1460 2893 au
1477 2868 1568 2893 menie
1584 2867 1706 2893 endroit.
1723 2881 1759 2887 —
1778 2867 1807 2893 lO
1823 2867 1888 2893 mai.
1906 2866 2089 2893 Ratification
2110 2876 2160 2902 par
2175 2868 2200 2894 la
2216 2869 2295 2894 mere

1295 2914 1346 2941 des
1362 2915 1436 2941 deux
1452 2916 1585 2951 pupilles.
1606 2931 1638 2935 —-
1658 2915 1738 2942 Cette
1759 2915 1840 2950 piece
1856 2924 1872 2941 a
1888 2917 1932 2942 ete
1948 2914 2060 2949 publiee
2076 2916 2295 2950 integralement

1295 2971 1345 2997 par
1359 2962 1399 2990 M.
1415 2963 1504 2998 Tangl
1523 2964 1593 2991 dans
1610 2965 1653 2991 les
1668 2965 1877 2997 illittheilunyen
1892 2964 1935 2990 des
1951 2964 2020 2991 Jnst.
2035 2964 2085 2996 fiir·
2103 2964 2217 2990 Oeslerr.
2232 2964 2296 2991 Ges-

1295 3011 1557 3046 chz‘chtsforsclumy,
1575 3016 1594 3040 t.
1613 3012 1641 3038 X
1657 3014 1757 3046 (1889),
1776 3022 1801 3048 p.
1819 3012 1880 3039 434.
