2455 3560
630 359 680 387 LE
703 356 847 387 LIBER
869 353 1101 386 CENSUUM
1125 352 1178 382 DE
1202 341 1386 381 L'F'JGLISE
1409 347 1616 378 ROMAINE.
2122 341 2157 369 67

124 438 248 466 persone
264 429 325 464 ipse
342 427 449 463 pociori
472 434 521 461 per
536 425 633 452 sedem
653 423 838 458 apostolicam
858 421 962 448 suerint
985 427 1086 446 comu-

125 479 184 505 nite
201 477 340 513 presidio,
358 480 436 503 tanto
452 483 484 501 se
500 474 610 500 valeant
626 474 652 499 in
669 472 774 498 divinis
795 470 981 505 beneplacitis
1003 469 1087 503 quie-

124 527 189 553 cius
204 534 348 552 exercere.
365 523 498 550 Exliibita
510 521 651 557 siquidem
664 520 746 547 nobis
759 527 808 554 pro
826 522 903 553 parte
918 517 1087 543 dilectorum

129 575 250 601 filiorum
275 573 419 607 magistri,
437 572 576 606 priorum,
597 569 798 596 canonicorum
820 572 848 594 et
871 573 1086 594 conversorum,

125 633 161 651 ac
175 623 342 650 dilectarum
356 622 383 648 in
396 621 510 647 Christo
522 619 642 646 filiarum
659 618 823 644 monialium
838 621 865 642 et
880 623 1011 642 sororum
1029 622 1089 639 mo·

128 671 328 704 nasteriorum,
337 670 485 696 domorum
496 672 525 695 et
534 668 660 694 locorum
672 666 706 692 ad
719 665 874 692 Romanam
886 662 1036 690 ecclesiam
1049 662 1090 688 in-

129 720 252 747 mediate
263 717 460 753 spectancium
473 716 582 743 ordinis
591 715 625 741 de
638 714 831 748 Sempinlioan
845 714 870 739 in
887 720 974 746 regno
987 711 1090 745 Anglie

128 768 352 796 constitutorum
372 766 471 801 petitio
487 765 651 792 continebat
666 763 757 797 quod,
776 762 840 788 licet
856 761 964 787 eisdem
984 759 1090 793 magis-

130 821 184 847 tro,
204 816 357 851 prioribus,
373 813 532 844 canonicis,
548 812 707 844 conversis,
725 810 894 837 monialibus
905 813 933 836 et
944 808 1092 834 sororibus

130 873 163 891 ac
178 864 270 891 ordini
287 872 301 889 a
318 863 399 889 beato
416 862 544 888 Gilberto
562 861 588 887 in
605 860 680 886 dicto
697 868 784 893 regno
802 859 933 892 primitus
949 858 1091 890 institute,

131 914 159 940 in
180 921 236 947 quo
259 911 372 945 quidem
397 910 495 936 ordine
519 909 655 935 moniales
681 914 707 934 et
729 916 842 934 sorores
863 908 889 933 in
912 906 1093 932 multitudine

130 961 248 995 copiosa
271 968 401 986 seorsum
425 959 535 985 incluse
557 963 584 983 et
606 962 756 990 segregate
779 966 794 982 a
818 956 885 982 viris
907 956 1045 986 existunt,
1067 958 1095 980 et

133 1011 159 1036 in
176 1017 233 1042 quo
257 1007 356 1033 ordine
381 1008 451 1033 fiunt
474 1010 502 1032 et
523 1006 621 1039 vigent
636 1014 720 1039 opera
738 1004 865 1038 pietatis,
891 1012 938 1038 per
962 1003 1096 1037 specialia

132 1059 208 1085 dicte
228 1057 308 1083 sedis
331 1056 478 1090 privilegia
493 1056 531 1081 sit
546 1062 717 1081 concessum
736 1062 769 1079 ne
785 1053 918 1087 cuiquam
935 1052 1097 1086 archiepis-

132 1115 218 1141 copo.
236 1105 372 1140 episcopo
389 1105 430 1130 vel
450 1105 495 1130 alii
514 1103 709 1130 ecclesiastice
727 1110 846 1136 persone
864 1102 946 1127 liceat
961 1109 1011 1126 eos
1028 1108 1096 1126 sus-

133 1155 257 1190 pendere
270 1154 311 1179 vel
324 1153 583 1180 excommunicare,
597 1156 646 1177 aut
660 1159 759 1177 eorum
776 1151 913 1176 ecclesias
929 1150 1098 1176 interdicere

136 1203 192 1229 nisi
208 1202 243 1228 de
262 1202 395 1227 mandato
412 1200 532 1227 Romani
550 1200 692 1234 pontificis
708 1200 750 1225 vel
767 1199 845 1225 sedis
862 1199 987 1233 predicte
1003 1199 1098 1232 legati,

137 1260 190 1278 nec
212 1252 364 1285 quisquam
389 1249 596 1276 correctionem
619 1248 687 1274 dicti
710 1248 818 1274 ordinis
849 1248 903 1274 nisi
926 1248 1006 1273 solus
1029 1256 1100 1281 papa

136 1300 191 1326 sibi
213 1299 315 1326 audeat
336 1299 497 1330 vendicare,
515 1298 563 1324 sed
586 1298 610 1323 si
633 1297 746 1330 aliquod
768 1297 840 1322 inter
861 1305 910 1322 eos
934 1296 1100 1322 scandalum

139 1350 181 1375 vel
193 1349 393 1374 dissensiones
402 1348 582 1379 emerserint,
596 1355 628 1372 ea
641 1351 669 1372 et
685 1346 737 1372 alia
750 1354 803 1380 que
817 1345 985 1379 corrigenda
997 1345 1102 1371 suerint

135 1397 246 1433 judicio
269 1397 385 1432 capituli
413 1396 566 1422 eorundem
589 1395 746 1421 seeundum
772 1395 865 1429 ipsius
888 1394 996 1420 ordinis
1018 1394 1102 1420 insti-

139 1451 199 1474 tuta
216 1447 321 1480 corrigi
338 1447 459 1472 debeant
478 1450 505 1471 et
524 1445 661 1471 canonice
677 1444 836 1473 tei·minai·i;
853 1443 978 1477 dictique
995 1443 1103 1476 magis-

138 1499 191 1527 ter,
211 1496 329 1530 priores,
347 1495 488 1526 canonici,
506 1495 648 1523 conversi,
667 1493 802 1519 moniales
819 1497 846 1518 et
861 1500 1023 1518 sororesac
1044 1492 1102 1517 loca

139 1543 280 1577 ipsorum,
298 1542 458 1569 scientibus
475 1542 626 1568 ordinariis
643 1542 768 1567 locorum
788 1542 814 1566 in
836 1541 941 1574 quibus
956 1540 1024 1566 ordo
1039 1549 1105 1574 pre—

140 1591 235 1617 dictus
247 1592 422 1617 constitutus
434 1591 541 1620 existit,
554 1599 569 1616 a
584 1595 711 1623 tempore
722 1591 766 1623 cuj
774 1598 806 1615 us
818 1589 953 1615 contrarii
970 1590 1105 1615 memoria

142 1648 197 1665 non
217 1639 327 1670 existit,
344 1640 370 1664 in
387 1638 537 1673 premissis
550 1639 678 1664 articulis
694 1643 720 1664 et
732 1638 795 1664 aliis
809 1646 856 1672 pro
869 1639 950 1672 plene
965 1638 1107 1672 exemptis

141 1693 170 1715 et
192 1688 284 1715 eidem
307 1689 368 1714 sedi
390 1688 554 1714 immediate
576 1688 700 1722 subjecti
717 1688 821 1713 fuerint
845 1691 872 1713 et
891 1688 948 1713 sint
971 1686 1059 1712 habiti
1081 1690 1108 1713 et

143 1737 283 1771 reputati,
302 1737 429 1762 nonnulli
447 1741 538 1762 tamen
557 1736 691 1762 ordinarii
709 1737 735 1762 in
753 1744 874 1770 quorum
895 1735 1058 1762 civitatibus
1080 1739 1108 1761 et

142 1786 320 1821 dyocesibus
337 1786 397 1811 loca
413 1790 440 1811 et
458 1793 577 1819 persone
594 1785 703 1811 ordinis
721 1785 838 1819 predicti
859 1786 1022 1811 consistunt
1034 1785 1109 1819 juri-

142 1835 298 1861 dictionem
317 1836 342 1860 in
359 1843 409 1860 eos
425 1839 453 1860 et
470 1835 530 1860 loca
546 1834 675 1868 ipsorum
693 1834 747 1860 sibi
765 1842 913 1868 usurpare,
931 1842 963 1860 ac
980 1835 1021 1860 eis
1045 1843 1109 1868 gra-

144 1883 256 1909 vamina
281 1883 366 1909 multa
394 1891 447 1909 non
476 1883 585 1916 absque
610 1882 756 1916 religionis
779 1883 906 1916 ipsorum
933 1884 1108 1915 turbatione⁷

143 1932 228 1959 divini
253 1933 348 1958 cultus
374 1932 580 1962 diminutione,
603 1935 631 1957 et
653 1931 728 1957 dicte
751 1931 830 1957 sedis
851 1936 1014 1966 contemptu
1039 1933 1110 1958 irro-

143 1989 212 2016 gare
227 1985 377 2007 conantur.
390 1979 449 2006 Nos
462 1981 549 2014 igitur
562 1981 690 2006 volentes
703 1980 883 2013 magistrum,
896 1981 1014 2014 priores
1025 1988 1111 2006 cano-

144 2030 236 2059 nicos,
254 2036 422 2060 conversos,
441 2029 593 2059 moniales,
612 2036 728 2054 soi-ores
744 2032 772 2054 et
793 2030 963 2054 monasteria
986 2029 1111 2063 predicta

144 2077 179 2104 ab
201 2076 368 2111 hujusmodi
385 2076 626 2111 oppressionibus
641 2077 765 2102 relevare
782 2085 814 2102 ac
830 2077 942 2107 efferre,
961 2077 1113 2111 condignis

144 2126 305 2152 honoribus
321 2130 349 2150 et
367 2125 544 2151 libertatibus
557 2126 713 2156 comunire,
729 2125 943 2151 carissimorum
959 2127 986 2151 in
998 2125 1112 2152 Christo

146 2174 270 2200 filiorum
290 2180 453 2200 nostrorum
472 2173 623 2199 Edwoardi
641 2175 718 2207 regis
742 2179 769 2200 et
790 2174 920 2200 isabellis
936 2179 964 2200 et
985 2174 1114 2209 Philippe

147 2223 311 2257 reginarum
334 2223 439 2256 Anglie
464 2222 621 2248 illustrium
645 2223 727 2248 nobis
748 2224 774 2249 in
795 2223 848 2249 bac
869 2228 948 2257 parte
971 2224 1114 2249 humiliter

148 2270 392 2306 supplicancium,
407 2279 439 2296 ac
451 2271 579 2304 ipsorum
595 2270 736 2304 magistri,
750 2271 885 2304 priorum,
900 2272 1113 2302 canonicorum,

147 2327 367 2350 conversorum,
386 2319 551 2345 monialium
568 2323 596 2345 et
612 2328 742 2345 sororum
759 2320 1018 2354 supplicationibus
1034 2320 1115 2346 incli-

148 2369 218 2401 nati,
233 2367 351 2402 predicti
370 2367 479 2394 ordinis
496 2368 644 2402 magistro,
659 2368 812 2402 prioribus,
825 2368 981 2399 canonicis,
997 2376 1116 2394 conver-

148 2417 208 2450 siS‚
226 2416 399 2442 monialibus
415 2421 443 2442 et
460 2416 609 2443 sororibus
624 2420 680 2442 tam
697 2417 881 2450 presentibus
896 2425 980 2450 quam
997 2417 1116 2449 suturis,

149 2473 184 2492 ac
211 2466 341 2500 ipsorum
369 2465 552 2491 monasteriis
579 2466 691 2499 plenam
721 2465 931 2500 exemptionem
962 2466 1118 2500 apostolica

150 2513 323 2540 auctoritate
345 2514 532 2540 concedimus
553 2513 587 2539 de
609 2514 698 2548 gratia
718 2514 846 2548 speciali.
866 2513 1007 2540 Volumus
1023 2519 1117 2540 autent

149 2562 228 2598 quod
248 2562 283 2588 ad
308 2562 444 2588 indicium
461 2563 630 2596 hujusmodi
652 2566 785 2596 percepte
801 2563 940 2588 libertatis
963 2562 1047 2588 iidem
1063 2571 1119 2588 ma-

151 2611 262 2646 gister,
294 2611 420 2645 priores,
446 2611 590 2641 canonici,
618 2611 766 2641 conversi,
790 2611 927 2636 moniales
957 2615 984 2637 et
1005 2619 1120 2637 sorores

154 2667 240 2686 unam
258 2660 402 2685 marcham
423 2660 483 2685 auri
506 2660 534 2685 in
550 2659 623 2685 sesto
640 2660 788 2685 beatorum
804 2660 881 2686 Petri
897 2664 924 2686 et
941 2659 1020 2686 Pauli
1036 2668 1120 2694 apos<

151 2708 276 2735 tolorum
298 2709 422 2742 singulis
437 2708 562 2734 bienniis
577 2717 689 2735 camere
705 2709 861 2743 apostolice
878 2710 989 2735 solvere
1004 2714 1122 2735 tenean-

153 2760 210 2784 tur.
227 2756 304 2783 Nulli
323 2765 391 2791 ergo
408 2760 463 2784 etc.
482 2761 578 2783 nostre
594 2757 792 2783 concessionis
810 2762 838 2783 et
854 2758 1009 2784 voluntatis
1022 2758 1122 2784 infrin-

151 2812 224 2839 gere
244 2809 300 2833 etc.
327 2805 432 2832 Datum
455 2806 609 2840 Avinione‚
627 2805 697 2832 vni
720 2806 785 2832 idus
804 2806 940 2837 octobris,
964 2815 1037 2832 anno
1053 2806 1121 2834 1111.

193 2862 351 2897 Sumptuni
368 2863 402 2889 de
420 2869 548 2897 regesti-0
560 2863 592 2889 P.
603 2863 638 2889 de
650 2863 780 2889 Mennea.
797 2842 848 2882 ,ΕΙ

797 2893 955 2913 ctxxxxvii.

1652 412 1677 439 4.

1239 516 1390 544 Urbanus¹
1413 515 1567 549 episcopus
1589 521 1692 540 servus
1713 519 1860 539 sei-vorum
1882 509 1933 536 Dei
1953 508 2162 535 venerabilibus

1203 566 1338 592 fratribus
1358 564 1511 591 Gurtzensi
1533 568 1560 589 et
1583 561 1739 588 Larentino
1760 559 1918 595 episcopis,
1941 566 1973 584 ac
1988 557 2089 583 dilecto
2107 556 2163 582 filio

1204 615 1298 640 abbati
1314 613 1479 639 monasterii
1496 611 1646 637 Scotorum
1661 611 1687 636 in
1707 609 1831 635 VVienna
1850 606 2025 633 Patavicnsis
2039 605 2163 631 diocesis

1206 663 1326 689 salutem
1342 666 1370 687 et
1383 661 1567 695 apostolicam
1583 658 1820 684 benedictionem.

1241 710 1358 736 Sincera
1381 709 1492 734 devotio
1517 707 1612 733 dilecti
1636 706 1685 732 filii
1712 705 1816 731 nobilis
1839 705 1891 730 vir'i
1916 702 2059 736 itoduiptii
2081 701 2163 727 ducis

1207 758 1325 784 Austrie
1337 778 1343 789 ‚
1361 765 1409 791 per
1425 764 1508 789 quain
1525 764 1555 781 se
1576 755 1667 780 reddit
1683 753 1831 779 Altissiino
1853 756 1880 777 et
1902 751 2029 777 Romane
2044 749 2165 775 ecclesie

1207 806 1290 832 matri
1307 814 1358 831 sue
1377 813 1430 830 non
1447 805 1509 830 sine
1526 811 1628 836 magno
1644 802 1735 827 laudis
1752 801 1885 834 preconio
1901 804 2011 832 gratum
2030 798 2164 831 multipli-

1208 855 1279 881 citer
1300 858 1328 880 et
1350 856 1515 886 acceptum,
1539 859 1592 877 non
1617 850 1731 883 indigne
1748 853 1872 874 meretur
1889 852 1918 873 ut
1937 846 2031 872 sedem
2049 849 2163 880 aposto-

1209 905 1292 930 licam
1304 903 1359 928 sibi
1372 902 1554 928 favorabilem
1566 906 1594 925 et
1605 900 1755 931 benignam
1769 899 1871 923 sentiat
1881 902 1908 921 et
1919 897 2002 921 etiam
2013 895 2165 920 liberalem.

1210 954 1283 980 Olim
1299 951 1439 985 siquidem
1458 958 1507 983 pro
1525 953 1602 983 parte
1620 947 1686 973 dicti
1709 946 1791 972 ducis
1807 945 1936 979 exposito
1960 944 2049 969 felicis
2071 950 2168 968 recor-

1211 1001 1333 1028 dationis
1353 998 1518 1025 Innocentio
1536 1005 1604 1031 pape
1623 995 1659 1021 Vl
1681 993 1873 1029 predecessori
1891 998 1987 1018 nostro
2003 992 2075 1025 quod
2095 991 2167 1016 idem

1213 1050 1269 1076 dux
1291 1048 1470 1074 desiderabat
1490 1046 1623 1080 capellani
1647 1052 1700 1069 non
1723 1048 1847 1069 curatam
1871 1050 1919 1075 per
1938 1048 2002 1066 euin
2028 1041 2053 1066 iii
2076 1044 2170 1065 castro

1213 1107 1266 1125 suo
1281 1097 1408 1123 Wienne
1423 1095 1598 1121 Pataviensis
1614 1093 1738 1119 diocesis
1751 1095 1942 1117 constructam
1955 1095 1981 1114 et
1997 1089 2118 1114 dotatam
2136 1088 2169 1113 ad

1216 1149 1267 1174 Dei
1284 1147 1401 1181 gloriam
1418 1150 1446 1171 et
1463 1145 1598 1170 bonorem
1620 1147 1648 1168 et
1667 1143 1731 1175 ejus
1754 1142 1849 1166 cultus
1867 1144 2050 1172 augmentum
2072 1146 2105 1163 ac
2121 1146 2170 1170 pro

1217 1200 1365 1231 parentum
1387 1198 1414 1219 et
1434 1193 1561 1219 omnium
1583 1194 1796 1225 progenitorum
1817 1196 1933 1213 suorum
1957 1192 1984 1211 et
2004 1190 2172 1211 cunctorum

1216 1246 1334 1272 alioruin
1351 1244 1474 1269 fidelium
1496 1242 1652 1266 animarum
1671 1240 1762 1263 salute
1786 1237 1811 1262 in
1829 1237 2005 1268 collegiatam
2022 1235 2172 1260 ecclesiam

1219 1294 1306 1327 erigi,
1330 1296 1359 1318 et
1383 1292 1410 1316 in
1434 1299 1467 1316 ea
1491 1297 1578 1315 unum
1602 1287 1752 1320 collegium
1778 1294 1828 1311 scu
1852 1285 2006 1318 capitulum
2034 1282 2175 1308 xxtiiior

1218 1341 1422 1368 canonicorum
1441 1343 1469 1364 et
1492 1337 1578 1363 unius
1602 1335 1737 1370 prepositi
1761 1342 1808 1367 ‹pii
1832 1341 1874 1357 eis
1898 1332 2000 1365 presit.
2025 1336 2053 1356 et
2077 1330 2175 1360 viginti

1218 1390 1345 1424 quinque
1370 1386 1576 1422 prebendarum
1598 1391 1718 1417 quarum
1742 1382 1813 1407 ideiii
1838 1381 1999 1414 prepositus
2019 1384 2046 1403 et
2070 1378 2175 1410 singuli

1219 1437 1349 1465 canonici
1372 1435 1502 1469 Singulas
1522 1434 1684 1459 obtinerent
1699 1430 1800 1461 statui,
1820 1433 1848 1455 et
1868 1436 1950 1454 uiiaiu
1972 1426 2175 1453 thesaurariam

1219 1496 1252 1513 ac
1267 1490 1344 1513 certa
1360 1485 1412 1511 alia
1427 1483 1596 1517 dignitates,
1613 1485 1784 1515 personatus
1800 1482 1827 1503 et
1838 1477 1937 1504 cilicia,
1953 1484 2007 1510 que
2025 1484 2072 1508 per
2087 1475 2178 1500 dictos

1220 1539 1388 1564 tenerentur
1403 1531 1558 1559 canonicos
1573 1529 1678 1560 creari,
1700 1534 1728 1554 et
1748 1527 1821 1561 quod
1840 1527 1912 1552 idem
1930 1529 2091 1559 prepositos
2107 1524 2178 1548 duos

1221 1590 1251 1611 et
1264 1583 1370 1617 singuli
1386 1580 1515 1607 canonici
1534 1579 1652 1613 predicti
1669 1577 1799 1609 sing-iilos
1821 1575 1982 1608 capellanos
2005 1573 2106 1598 liabere
2128 1574 2178 1597 de-

1222 1634 1338 1662 berent,
1356 1631 1405 1664 qui
1425 1637 1489 1655 cuin
1512 1628 1584 1661 ipsis
1600 1634 1651 1652 seu
1670 1635 1718 1660 pro
1739 1633 1781 1650 eis
1802 1629 1927 1657 tempore
1949 1622 2120 1647 infirmitatis
2138 1620 2179 1644 vel

1223 1681 1356 1709 absencie
1373 1680 1498 1714 ipsorum
1516 1677 1543 1703 in
1560 1676 1657 1701 eadem
1674 1674 1795 1701 ecelesia
1811 1672 1958 1705 obsequiis
1973 1670 2078 1695 divinis
2094 1669 2179 1694 insis—

1223 1735 1332 1761 terent;
1350 1735 1377 1755 et
1399 1728 1474 1763 quod
1503 1728 1564 1761 ipse
1585 1726 1642 1751 dux
1668 1733 1716 1758 pro
1740 1722 1887 1757 premissis
1913 1720 2080 1754 prebendam
2105 1718 2180 1744 dicto

1224 1779 1370 1815 preposito
1387 1775 1587 1809 assignandam
1610 1776 1643 1799 de
1661 1772 1811 1799 trecentis.
1828 1775 1855 1795 et
1875 1770 2004 1802 singulas
2026 1767 2182 1802 prebendas

1225 1830 1294 1855 alias
1321 1826 1462 1862 predictas
1489 1824 1615 1856 ipsorum
1641 1821 1843 1847 canonicorum
1869 1819 1903 1843 dc
1929 1823 2042 1843 centum
2068 1815 2183 1840 llorenis

1225 1878 1286 1904 auri
1313 1875 1447 1910 por-deris
1469 1878 1496 1898 et
1519 1871 1596 1898 cunii
1614 1869 1756 1895 florentini
1781 1868 1807 1893 in
1832 1866 1977 1900 perpetuis
2001 1865 2104 1889 annuis
2121 1863 2182 1888 red-

1226 1926 1333 1952 ditibus
1360 1924 1395 1949 de
1424 1922 1507 1948 bonis
1536 1919 1590 1945 sibi
1617 1928 1632 1944 a
1657 1918 1715 1943 Deo
1737 1916 1847 1942 collatis
1873 1921 1969 1939 dotare
1994 1912 2183 1947 proponebat.

1226 1975 1321 2000 dictus
1338 1971 1524 2007 predecessor
1545 1969 1626 1994 vobis
1646 1967 1708 1993 suis
1729 1966 1806 1991 dedit
1827 1965 1927 1990 litteris
1949 1963 1975 1988 in
1996 1960 2135 1986 mandatis
2156 1965 2185 1985 ut

1226 2024 1290 2049 dote
1306 2020 1470 2055 hujusmodi
1484 2018 1594 2044 realiter
1605 2016 1751 2049 assignata
1766 2013 1882 2039 eandem
1899 2011 2033 2045 capellani
2051 2011 2076 2035 in
2093 2009 2185 2034 ecclc-

1227 2072 1299 2098 siam
1315 2068 1492 2102 collegiatam
1511 2067 1636 2099 erigere,
1653 2070 1681 2089 et
1697 2064 1723 2088 in
1741 2072 1772 2088 ea
1789 2061 1951 2095 hujusmodi
1968 2060 2118 2092 collegium
2135 2066 2186 2082 seu

1229 2120 1385 2154 capitulum
1403 2118 1552 2143 instituere
1568 2120 1596 2140 et
1613 2113 1752 2147 premissa
1767 2112 1820 2136 alia
1837 2110 1940 2139 facere,
1957 2112 2081 2133 statuere
2097 2110 2125 2131 et
2140 2114 2185 2131 or-

1228 2169 1336 2198 dinare,
1352 2166 1520 2193 auctoritate
1536 2162 1691 2197 apostolica
1706 2160 1855 2185 curaretis.
1868 2157 1901 2183 Et
1917 2156 2018 2181 deinde
2035 2155 2107 2180 idem
2125 2162 2187 2188 pre-

1229 2218 1365 2243 decessor
1390 2222 1439 2248 per
1465 2221 1533 2239 suas
1556 2211 1626 2237 alias
1651 2209 1720 2235 certi
1746 2207 1852 2233 tenoris
1875 2206 1982 2231 litteras
2004 2204 2084 2229 vobis
2106 2204 2188 2228 etiam

1231 2265 1308 2291 dedit
1332 2265 1358 2289 in
1382 2261 1537 2291 mandatis7
1563 2264 1592 2284 iit
1610 2266 1660 2283 vos
1682 2257 1723 2282 vel
1745 2256 1800 2281 duo
1819 2260 1942 2279 vesti-uin
1965 2260 2029 2277 cuin
2053 2250 2191 2284 premissa

1231 2313 1422 2346 essentjuxta
1438 2309 1627 2343 predictarum
1643 2306 1760 2331 aliarum
1779 2304 1932 2329 litterarum
1949 2301 2151 2326 continentiam
2165 2303 2192 2324 et

1231 2366 1358 2388 tenorem
1382 2360 1454 2385 saeta
1477 2363 1505 2383 ct
1525 2356 1664 2389 completa
1673 2360 1688 2387 ,'
1703 2353 1872 2379 auctoritate
1892 2350 2047 2384 apostolica
2068 2347 2193 2382 predicta

1233 2409 1425 2445 prepositum,
1447 2406 1600 2432 canonicos
1622 2409 1650 2429 et
1670 2403 1820 2429 ecclesiam
1842 2401 1884 2425 sic
1905 2404 2027 2424 erectam
2052 2396 2192 2430 predictos

1233 2467 1299 2486 eum
1315 2460 1379 2492 ejus
1396 2455 1525 2491 personis
1541 2458 1568 2479 et
1587 2451 1722 2479 membris
1742 2460 1756 2476 a
1773 2448 1976 2475 venerabilium
1993 2447 2111 2472 fratrum
2127 2452 2194 2469 nos-

1234 2515 1342 2534 trorum
1357 2503 1564 2538 archiepiscopi
1587 2499 1821 2533 Saltzpargensis
1841 2495 2047 2530 iiietropoliiani
2069 2499 2095 2519 et
2115 2493 2192 2526 epis-

1234 2558 1298 2592 copi
1330 2552 1508 2581 pataviensis
1537 2550 1682 2577 diocesani
1708 2547 1759 2573 loci
1789 2552 1817 2571 et
1842 2552 2045 2571 successorum
2075 2549 2193 2567 suorum

1237 2605 1516 2638 archiepiscoporum
1541 2598 1805 2633 Saiizpui-geusiuin
1831 2600 1859 2619 et
1886 2594 2086 2627 episcoporum
2112 2591 2195 2616 Pata-

1239 2748 1262 2774 1.
1279 2746 1413 2779 Avignon
1426 2765 1432 2775 ,
1450 2743 1464 2768 Ξ»
1481 2742 1548 2768 aot‘it
1565 2739 1641 2766 1364.
1663 2752 1697 2758 —
1719 2736 1756 2762 Le
1779 2743 1848 2770 pape
1865 2733 1972 2760 Urbani
1993 2732 2015 2757 V
2032 2732 2136 2763 charge
2157 2730 2198 2754 les

1203 2796 1326 2829 e'veques
1342 2793 1375 2819 de
1391 2791 1470 2818 Gurk
1486 2795 1514 2816 et
1527 2789 1561 2815 de
1582 2787 1704 2816 Lavant‚
1721 2784 1794 2811 ainsi
1810 2791 1865 2817 que
1881 2783 1971 2808 l‘ali'oe'
1989 2781 2023 2806 de
2039 2779 2075 2806 N.
2094 2779 2128 2805 t).
2146 2778 2197 2803 des

1203 2844 1305 2877 Scots,
1321 2844 1336 2868 a
1353 2840 1478 2869 vienne,
1495 2838 1531 2864 de
1552 2835 1689 2871 procedet*
1709 2836 1723 2859 a
1744 2832 1924 2858 l'institution
1941 2828 2099 2861 canonique
2119 2828 2153 2851 de
2173 2826 2197 2850 la

1204 2891 1350 2925 collegiale
1361 2886 1590 2918 Saint-Etienne‚
1607 2883 1707 2910 sondee
1720 2890 1768 2914 par
1782 2880 1940 2913 Rodollilie,
1953 2878 2007 2903 duc
2019 2874 2196 2902 d'Auti·iche.

1204 2941 1228 2968 Il
1250 2939 1355 2974 stipule
1379 2945 1415 2963 un
1438 2943 1507 2962 cens
1529 2933 1596 2959 d'un
1619 2932 1711 2958 serton
1727 2930 1796 2955 d'or.
1822 2927 1859 2954 Ce
1879 2934 1948 2952 cens
1968 2930 2011 2951 cst
2028 2924 2142 2957 mai-que
2158 2921 2199 2947 ci-

1205 2990 1320 3018 dessus,
1337 2992 1357 3013 t.
1375 2985 1396 3016 Ι,
1413 2993 1439 3019 p.
1460 2983 1518 3015 171,
1535 2989 1603 3007 avec
1620 2978 1772 3006 indication
1790 2978 1826 3002 du
1844 2977 1864 3002 [⁰
1878 2978 1960 3007 (cccx)
1977 2974 2013 2999 du
2029 2973 2197 2998 manuscrit.
