2455 3560
643 367 693 396 LE
717 367 860 397 LIBER
881 366 1114 398 CENSUUM
1136 367 1190 397 DE
1213 359 1397 398 L’EGLISE
1419 368 1627 400 ROMAINE.
2132 369 2175 402 39

584 433 612 463 2.

183 538 269 567 Ηο01
287 542 331 567 est
347 537 499 576 scriptum
515 538 599 576 quod
616 538 766 576 magister
781 537 959 568 Sinicius...

174 603 333 631 Document
358 604 422 638 deja
445 603 538 630 donne
553 608 574 630 t.
590 604 613 637 Ι,
631 613 658 639 p.
676 604 735 636 590,
763 610 792 631 11ο
808 603 967 636 CCCXIX,
984 605 1095 639 d'apres

138 653 164 679 le
182 653 325 679 Vaticanus
339 653 417 679 8486.

584 753 612 784 3.

181 858 444 889 5301301001111112
469 859 553 897 quod
578 859 713 898 prestitit
740 860 836 889 abbas
861 863 969 890 sancte
995 860 1096 890 Marie

142 911 260 941 Montis
276 911 397 941 Viridis
415 912 603 942 Boianensis
618 912 762 942 diocesis.

183 964 388 994 Sanctissimo
414 965 492 1002 patri
519 969 548 994 et
570 965 698 994 domino
721 964 874 1003 Gregorio
899 965 1021 995 decimo
1046 974 1095 995 sa-

141 1022 303 1048 crosancte
329 1018 470 1047 Romane
493 1017 624 1048 ecclesie
650 1027 775 1048 summo
799 1018 940 1056 pontifici
966 1018 1095 1048 domino

142 1079 198 1100 suo
211 1070 306 1100 frater
324 1070 481 1100 Berardns
499 1071 557 1100 Dei
580 1075 610 1100 et
632 1071 680 1100 sui
705 1072 806 1108 gratia
823 1071 919 1100 abbas
936 1076 1095 1101 monaste-

142 1124 298 1153 riisancte
311 1123 411 1153 Marie
424 1124 542 1153 Montis
555 1123 675 1153 Viridis
688 1123 726 1152 ad
739 1125 918 1154 Romanam
930 1124 1095 1154 ecclesiam

143 1175 232 1206 nullo
252 1176 357 1206 medio
379 1176 569 1214 pertinentis
594 1176 785 1206 Boianensis
807 1176 954 1213 diocesis,
980 1177 1094 1215 pedum

142 1230 247 1259 oscula
259 1229 583 1259 beatorum.Noverit
594 1229 742 1258 sauctitas
757 1233 808 1258 tua
819 1229 900 1267 quod
913 1230 952 1258 311
967 1230 1094 1259 manda-

142 1287 208 1312 tum
234 1282 357 1312 domini
382 1282 502 1312 Mathei
522 1282 715 1312 venerabilis
733 1283 938 1312 Ysernieusis
959 1283 1096 1322 episcopi

142 1336 193 1365 cui
217 1335 275 1365 hoc
297 1335 336 1365 ab
358 1335 531 1374 apostolica
552 1335 626 1365 sede
650 1334 829 1373 delegatum
852 1336 966 1373 extitit,
989 1336 1095 1365 statim

142 1393 211 1428 post
234 1389 472 1419 institutionem
501 1398 604 1419 meam
637 1390 670 1418 in
699 1390 891 1420 monasterio
917 1390 1095 1428 supradicto

142 1443 301 1472 sanctitati
325 1447 425 1471 vestre
449 1447 479 1472 et
500 1446 699 1472 sacrosancte
718 1442 860 1472 Romane
877 1442 1019 1478 ecclesie,
1039 1451 1096 1472 no-

144 1495 312 1525 nodecimo
328 1496 378 1524 die
393 1495 514 1524 mensis
528 1494 639 1532 aprilis
657 1495 758 1533 prime
774 1495 974 1530 indictionis,
992 1495 1096 1524 fideli-

145 1548 215 1578 tatis
233 1552 262 1577 et
278 1547 460 1578 obedientie
475 1547 604 1577 solitum
623 1548 656 1577 iu
675 1548 733 1578 hec
757 1549 850 1577 verba
870 1549 991 1586 prestiti
1006 1549 1096 1588 jura-

144 1606 288 1631 mentum
313 1613 319 1630 :
344 1613 358 1628 ιι
388 1601 453 1638 Ego
482 1601 638 1630 Berardns
661 1601 757 1631 abbas
782 1602 966 1631 monasterii
991 1606 1096 1632 sancte

145 1654 244 1683 Marie
259 1654 376 1684 Montis
392 1654 511 1683 Viridis
527 1654 717 1683 Boianensis
733 1654 879 1691 diocesis,
893 1655 932 1684 ab
943 1655 1002 1684 hac
1018 1655 1097 1684 hora

143 1707 176 1736 in
202 1710 294 1736 antea
321 1706 422 1736 fidelis
448 1712 477 1736 et
497 1706 647 1736 obediens
670 1715 723 1736 ero
747 1707 836 1737 beato
861 1708 953 1737 Petro
972 1711 1096 1738 sancte-

143 1768 206 1798 que
230 1759 397 1797 apostolice
420 1759 562 1789 Romane
579 1759 709 1789 ecclesie
730 1765 759 1789 et
781 1760 910 1790 domiuo
931 1769 1000 1790 meo
1019 1770 1096 1799 pape

142 1812 295 1850 Gregorio
316 1813 446 1850 suisque
465 1813 700 1842 successoribus
716 1814 867 1843 canonice
887 1814 1092 1843 intrantibus.

144 1866 216 1896 Non
239 1875 291 1895 ero
312 1866 344 1894 111
366 1865 501 1895 consilio
522 1870 575 1895 aut
592 1874 749 1895 consensu
773 1866 821 1895 vel
840 1867 920 1896 sacto
943 1871 977 1896 nt
997 1867 1095 1896 vitam

144 1920 276 1958 perdant
299 1924 354 1948 ant
375 1920 556 1948 membrum
581 1924 634 1948 aut
654 1920 818 1957 capiantur
839 1919 922 1949 mala
941 1921 1094 1958 captione.

143 1971 321 2002 Consilium
355 1981 427 2002 vero
456 1972 538 2011 quod
569 1972 669 2001 michi
698 1972 848 2002 credituri
877 1978 951 2002 suut
980 1982 1034 2011 per
1065 1982 1097 2002 se

143 2029 196 2054 aut
230 2033 284 2063 per
314 2025 444 2054 nuntios
475 2033 549 2054 suos
581 2025 647 2054 sive
683 2033 737 2062 per
770 2023 888 2053 litteras
916 2024 955 2053 ad
987 2033 1097 2054 eorum

142 2077 318 2116 dampnum
342 2086 392 2106 me
411 2077 530 2106 sciente
547 2077 672 2106 nemini
693 2077 840 2115 pandam.
863 2077 1017 2115 Papatum
1036 2077 1096 2106 Ro-

145 2138 276 2159 manum
298 2135 328 2158 et
356 2129 478 2167 regalia
506 2130 607 2158 sancti
636 2129 723 2158 Petri
748 2129 873 2168 adjutor
902 2129 948 2158 eis
977 2138 1030 2159 ero
1058 2129 1096 2158 ad

144 2182 349 2211 retinendum
371 2186 401 2211 et
422 2181 658 2211 defendendum
681 2181 768 2211 salvo
791 2190 862 2211 meo
884 2181 995 2211 ordine
1019 2190 1096 2211 con-

146 2239 191 2263 tra
205 2243 335 2264 omnem
353 2234 528 2264 hominem.
543 2234 697 2271 Legatum
713 2233 880 2272 apostolice
897 2233 980 2263 sedis
993 2233 1096 2263 eundo

144 2291 175 2317 et
201 2287 363 2316 redeundo
389 2286 566 2316 honorifice
591 2287 727 2316 tractabo
749 2290 779 2315 et
803 2286 836 2315 in
863 2286 930 2315 suis
957 2286 1096 2316 necessi-

145 2340 262 2369 tatibus
286 2339 452 2378 adjuvabo.
476 2339 612 2368 Vocatus
636 2338 675 2368 ad
700 2338 858 2376 synodum
884 2339 1011 2368 veniam
1033 2338 1097 2368 nisi

145 2393 234 2422 fuero
251 2392 431 2431 prepeditus
446 2392 608 2421 canonice.
627 2391 849 2430 Apostolorum
868 2390 982 2421 limina
1002 2392 1097 2421 301115

146 2445 282 2483 singulis
309 2444 442 2474 visitabo
467 2449 522 2474 aut
553 2453 606 2483 per
631 2453 682 2473 me
710 2448 764 2473 aut
791 2452 846 2482 per
874 2452 982 2473 meum
1012 2453 1097 2474 nuu-

147 2499 239 2534 tium‚
262 2499 325 2528 nisi
351 2497 521 2537 apostolica
547 2497 692 2527 absolvar
712 2497 853 2527 licentia.
878 2497 1098 2528 Possessiones

148 2561 221 2582 vero
237 2552 275 2581 ad
298 2560 424 2581 mensas
444 2551 510 2580 mei
530 2550 711 2580 monasterii
727 2549 922 2588 pertinentes
936 2558 1000 2580 nou
1019 2559 1098 2580 ven-

1217 434 1290 463 dam
1308 443 1410 473 neque
1425 434 1547 465 donabo
1564 445 1667 475 neque
1682 436 1902 476 impignorabo
1914 437 1963 468 vel
1975 438 2013 468 de
2025 438 2167 468 11011010-

1217 486 1350 517 seudabo
1369 487 1417 517 vel
1435 488 1636 527 aliquomodo
1655 490 1798 520 alienabo
1818 490 2000 521 inconsulto
2021 491 2166 522 Romano

1217 540 1374 577 pontifice.
1392 540 1444 570 Sic
1456 549 1506 571 me
1523 542 1606 572 Deus
1621 542 1748 579 adjuvet
1762 549 1792 573 et
1808 543 1865 574 hec
1881 548 1986 574 sancta
2001 544 2058 574 Dei
2070 553 2169 574 evan-

1217 591 1311 628 gelia.
1337 605 1349 619 »
1375 593 1410 622 10
1433 595 1522 632 cujus
1541 595 1586 624 rei
1610 595 1826 626 testimonium
1843 601 2004 635 presentes
2022 600 2165 635 patentes

1215 643 1336 674 litteras
1350 654 1403 683 per
1418 654 1531 675 manus
1548 647 1747 678 Constantini
1761 648 1879 686 publici
1896 649 2012 678 notarii
2027 649 2167 679 civitatis

1216 697 1353 728 Ysernie
1369 699 1463 728 scribi
1480 700 1540 729 feci
1559 701 1712 739 presentis
1723 702 1787 731 mei
1801 702 1898 740 sigilli
1915 702 2080 741 pendentis
2095 712 2167 732 mu-

1216 750 1341 780 nimine
1366 751 1524 782 roboratas
1544 756 1573 782 et
1594 753 1695 791 ipsius
1719 755 1832 783 notarii
1852 754 2052 784 Constantini
2070 754 2165 785 solito

1217 803 1309 840 signo
1322 804 1474 841 signatas.

1657 911 1686 940 4.

1256 1013 1452 1044 Celestinus¹
1479 1016 1642 1054 episcopus
1665 1026 1774 1047 servus
1795 1027 1957 1048 servornm
1977 1019 2034 1049 Dei
2051 1018 2166 1050 dilecto

1216 1065 1282 1095 filio
1300 1067 1396 1096 nobili
1419 1068 1486 1098 viro
1506 1069 1598 1098 Petro
1615 1068 1653 1098 de
1669 1068 1857 1100 Castellione
1878 1070 2012 1101 salutem
2030 1076 2059 1101 et
2074 1080 2169 1110 apos-

1217 1118 1340 1148 tolicam
1356 1120 1620 1150 benedictionem.

1256 1171 1336 1201 Cum
1363 1182 1463 1210 nuper
1481 1173 1518 1202 de
1537 1173 1807 1212 Ierosolymitanis
1831 1175 1971 1213 partibus
1991 1176 2117 1206 rediens
2134 1180 2167 1206 et

1217 1233 1273 1262 per
1289 1233 1345 1254 nos
1361 1225 1481 1255 faciens
1497 1227 1665 1256 transitum
1683 1227 1722 1257 ad
1742 1228 1866 1266 propria
1882 1228 2058 1265 festinares,
2077 1229 2169 1259 nobis

1218 1282 1247 1306 et
1259 1278 1349 1307 heato
1364 1279 1459 1308 Petro
1474 1288 1674 1318 quecumque
1685 1280 1719 1309 in
1730 1286 1829 1310 castro
1843 1280 1968 1311 Gurson
1982 1282 2021 1311 ad
2034 1291 2167 1320 presens

1214 1331 1310 1368 Justis
1337 1332 1439 1361 modis
1463 1333 1605 1362 obtinere
1629 1333 1820 1367 dinosceris,
1848 1334 2014 1365 devotione
2043 1335 2170 1374 propria.

1217 1388 1409 1422 spontaneus
1421 1385 1572 1415 obtulisti.
1591 1386 1655 1416 Nos
1670 1386 1768 1424 igitur
1779 1387 1954 1417 devotionis
1969 1392 2019 1418 tue
2031 1388 2170 1418 sinceri-

1219 1440 1312 1465 tatem
1328 1437 1500 1475 benignius
1517 1439 1715 1469 attendentes
1728 1440 1908 1470 etvolentes
1922 1444 1949 1470 te
1961 1445 2068 1470 nostre
2081 1442 2171 1479 puri-

1219 1489 1288 1518 tatis
1303 1489 1344 1528 ('?)
1363 1491 1463 1528 gratia
1480 1491 1624 1528 gloriari,
1643 1501 1809 1530 personam
1828 1497 1912 1522 tuam
1928 1502 2000 1523 cum
2016 1494 2168 1524 omnibus

1216 1541 1310 1572 bonis
1321 1543 1427 1581 quein
1442 1545 1671 1581 presentiarum
1682 1545 1912 1575 rationabiliter
1923 1546 2062 1585 possides
2070 1550 2123 1576 aut
2132 1547 2168 1576 in

1218 1595 1359 1625 futurum
1376 1597 1469 1635 justis
1485 1598 1587 1627 modis
1605 1598 1670 1628 Deo
1684 1599 1816 1637 propitio
1834 1600 1945 1638 poteris
1959 1599 2094 1639 adipisci
2111 1600 2171 1630 sub

1217 1647 1299 1677 beati
1312 1649 1399 1678 Petri
1415 1653 1444 1678 et
1458 1654 1562 1679 nostra
1574 1652 1765 1688 protectione
1779 1652 1982 1690 suscipimus,
1997 1656 2172 1682 statuentes

1217 1704 1251 1730 ut
1274 1705 1335 1730 tam
1359 1706 1390 1730 tu
1415 1710 1511 1740 quam
1533 1711 1728 1733 successores
1751 1704 1796 1733 tui
1825 1713 1861 1733 ea
1886 1714 1947 1743 qne
1971 1705 2005 1734 in
2029 1705 2170 1744 predicto

1216 1758 1318 1783 castro
1344 1755 1434 1784 nobis
1457 1759 1487 1784 et
1509 1755 1640 1786 ecclesie
1665 1756 1807 1786 Romane
1826 1757 1999 1788 liberaliter
2024 1758 2169 1788 obtulisti

1218 1816 1272 1844 per
1289 1807 1421 1836 eandem
1440 1807 1602 1838 ecclesiam
1624 1813 1653 1838 et
1674 1809 1834 1839 Romanos
1851 1811 2013 1848 pontifices
2029 1811 2171 1841 debeatis

1218 1868 1439 1897 recognoscere
1461 1861 1574 1891 amodo
1593 1866 1622 1891 et
1641 1866 1763 1899 tenere,
1782 1867 1811 1892 et
1834 1863 1871 1892 311
1893 1863 1989 1902 hujus
2012 1864 2171 1894 indicium

1217 1911 1419 1942 liberalitatis
1435 1917 1465 1942 et
1489 1914 1692 1952 protectionis
1708 1915 1797 1944 nobis
1814 1917 1991 1955 nostrisque
2007 1925 2172 1947 successo-

1218 1965 1310 1995 ribus
1330 1975 1462 1995 aureum
1489 1975 1589 1996 unum
1613 1967 1734 1998 solvere
1757 1969 1934 1998 annuatim.
1962 1969 2052 1999 Nulli
2071 1970 2170 2008 igitur

1217 2018 1350 2047 omniuo
1371 2018 1540 2048 hominum
1566 2019 1658 2049 liceat
1685 2020 1768 2050 banc
1788 2021 1938 2059 pagiuam
1967 2026 2072 2052 nostre
2098 2031 2174 2061 pro-

1220 2071 1365 2101 tectionis
1389 2071 1567 2109 infringere
1591 2072 1640 2102 vel
1663 2073 1690 2102 ei
1712 2082 1790 2103 ausu
1815 2074 1980 2105 temerario
1999 2075 2170 2105 contraire.

1218 2124 1252 2154 Si
1268 2124 1340 2162 quis
1358 2129 1462 2154 autem
1484 2125 1543 2154 hoc
1560 2128 1746 2165 attemptare
1762 2127 2004 2165 presumpserit,
2020 2128 2174 2166 indigna-

1218 2176 1338 2206 tionem
1363 2178 1587 2215 omnipotentis
1610 2178 1669 2208 Dei
1687 2182 1717 2208 et
1738 2179 1903 2209 beatorum
1924 2179 2011 2209 Petri
2029 2184 2059 2210 et
2079 2180 2174 2210 Pauli

1217 2229 1428 2268 apostolorum
1445 2230 1514 2268 ejus
1530 2239 1562 2260 se
1581 2231 1704 2260 noverit
1716 2231 1934 2262 incursurum.
1950 2233 2065 2263 Datum
2087 2233 2174 2271 Lug-

1219 2282 1298 2311 duni
1308 2284 1331 2318 2,
1346 2282 1417 2312 idus
1432 2284 1570 2321 augusti,
1586 2284 1788 2322 pontificatus
1805 2286 1905 2315 nostri
1918 2294 2004 2316 anno
2020 2286 2173 2317 secundo.

1661 2396 1691 2426 5.

1257 2501 1423 2532 Johannes
1433 2503 1444 2522 ³
1458 2502 1517 2532 Dei
1529 2502 1631 2540 gratia
1644 2512 1698 2533 rex
1713 2503 1839 2542 Anglie,
1855 2503 2006 2534 dominus
2018 2504 2173 2542 Ybernie,

1216 2686 1241 2712 1.
1258 2685 1336 2721 Lyon
1348 2686 1391 2720 (Ἴ),
1409 2687 1440 2714 13
1453 2687 1608 2715 aout1192.
1622 2702 1654 2707 —
1670 2687 1708 2714 Le
1723 2697 1795 2723 pape
1805 2687 1928 2715 Celestin
1941 2689 1984 2716 111
1997 2690 2085 2724 prend
2101 2698 2174 2717 sous

104 2739 199 2764 littera
215 2745 276 2763 cum
295 2736 460 2769 provinciali
475 2737 589 2768 antiquo
604 2736 634 2760 in
648 2735 772 2768 cophinis
788 2735 886 2768 capelle
901 2742 1004 2760 camere
1018 2742 1100 2768 apos-

107 2787 183 2813 tolice
196 2787 327 2812 Asisium.

143 2834 168 2860 1.
181 2833 260 2860 Cette
272 2834 353 2868 pi'ece
366 2836 410 2859 est
423 2832 457 2858 de
469 2832 560 2859 meme
571 2832 646 2858 main
662 2840 718 2866 que
733 2832 759 2858 la
775 2831 953 2866 precedente.
971 2831 1048 2859 Pour
1058 2833 1100 2859 les

104 2883 264 2916 suivantes‚
281 2882 423 2908 rectiture
438 2881 515 2907 varie
530 2880 614 2907 d’une
629 2880 709 2915 piece
725 2882 741 2906 a
755 2879 863 2907 l'autre.

141 2931 168 2957 2.
187 2929 345 2957 itte-1675.
363 2942 399 2950 ——
413 2928 531 2963 Bet-ard,
547 2928 619 2955 abbe
636 2928 670 2954 de
685 2927 868 2954 Monteverde
883 2937 918 2955 an
933 2928 1048 2956 diocese
1064 2929 1099 2956 de

107 2979 226 3013 Boiano,
239 2979 334 3005 notifie
345 2987 381 3005 au
393 2986 465 3013 pape
475 2977 614 3012 Gregoire
626 2976 655 3003 X
669 2977 695 3003 le
709 2980 836 3003 serment
851 2976 919 3011 qu‘il
935 2977 975 3004 lui
989 2986 1005 3004 a
1020 2978 1099 3012 prete

105 3029 122 3055 ὲ
137 3027 288 3054 l’occasion
307 3027 341 3054 de
357 3035 409 3053 son
425 3025 608 3053 installation.

1180 2734 1206 2761 la
1221 2736 1379 2769 protection
1399 2735 1436 2762 du
1455 2735 1637 2770 saint-siege
1660 2735 1756 2763 Pierre
1777 2736 1812 2762 de
1831 2736 1969 2764 Chatillon
1984 2742 2013 2765 et
2033 2747 2086 2766 son
2101 2740 2172 2766 cha-

1180 2787 1246 2810 teau
1260 2783 1295 2810 de
1310 2783 1424 2810 Gurson
1440 2784 1565 2817 (diocese
1580 2784 1614 2811 de
1631 2784 1816 2819 Perigueux),
1832 2790 2004 2820 moyennant
2018 2795 2075 2813 1100
2092 2788 2177 2815 rede-

1180 2840 1269 2859 vance
1283 2832 1350 2859 d’un
1365 2841 1418 2859 sou
1434 2833 1505 2861 d'or.
1520 2832 1597 2860 C'est
1611 2833 1637 2860 la
1649 2834 1836 2868 Justification
1851 2835 1918 2862 d’un
1936 2843 2005 2863 cens
2019 2837 2172 2871 catalogue

1179 2881 1338 2912 ci-dessus,
1356 2885 1375 2907 t.
1392 2880 1415 2913 1,
1433 2890 1461 2916 p.
1476 2882 1539 2909 207.

1215 2929 1240 2956 2.
1255 2929 1279 2956 11
1292 2929 1352 2956 faut
1366 2929 1558 2957 evidemment
1572 2931 1700 2966 corriget
1715 2939 1723 2958 :
1740 2932 1879 2959 Laterani.

1214 2978 1240 3005 3.
1257 2978 1394 3009 Londres.
1416 2979 1448 3006 13
1463 2979 1578 3006 octobre
1594 2980 1671 3007 1213.
1686 2993 1720 3001 —
1734 2979 1806 3007 Jean
1822 2989 1890 3008 sans
1904 2981 2001 3014 Terre,
2017 2982 2060 3008 roi
2079 2982 2176 3009 d'An-

1179 3027 1312 3062 gleterre,
1325 3026 1394 3053 cede
1409 3035 1445 3054 au
1460 3035 1531 3062 pape
1541 3035 1590 3054 ses
1600 3036 1752 3063 royaumes
1762 3029 1960 3064 d'Augleterre
1975 3034 2003 3056 et
2015 3029 2175 3065 d'Irlande,
