2465 3582
224 347 260 376 64

224 413 383 439 Guizardus
400 412 596 438 Barchisortis.

223 460 347 487 Obertus
364 461 524 487 Scalionus.

222 509 373 535 Tomasius
390 509 502 536 cheta.

223 558 408 584 Berlholinus
422 559 535 584 scotus.

223 607 335 633 Gabriel
353 607 518 633 Scalferius.

223 656 335 681 Gabriel
354 655 472 681 Dinnus.

224 704 326 730 Petrus
346 704 574 730 Bruxnnillanus.

225 753 408 779 Bel-[holmus
421 752 608 779 Brachifortis
621 751 696 777 filius

259 802 365 828 domini
380 801 523 827 Jacobini.

222 851 425 877 Franciscinus
442 850 476 876 de
492 849 629 875 Fontana.

221 900 391 926 Guillelnius
407 899 440 925 (10
456 898 595 924 Brinibio.

222 950 406 976 Bertliolinus
421 948 534 974 Seveta.

219 998 367 1025 Johannes
382 997 559 1031 Ayguarius.

220 1047 366 1074 Gerardus
382 1045 548 1072 Sealferius.

219 1095 337 1122 Plaxius
352 1094 548 1121 Maschiellus.

220 1145 379 1171 Palmerius
395 1143 430 1169 (10
446 1143 568 1169 Alfiano.

219 1194 384 1221 Bernardus
400 1193 433 1219 (10
450 1192 568 1218 Rizollo.

218 1243 385 1270 Leonardus
403 1241 534 1276 Bigulus.

218 1292 345 1319 Jacobus
363 1291 499 1317 Vacheta.

218 1342 367 1368 Johannes
383 1339 539 1367 Berardus.

221 1390 335 1418 Gabriel
348 1389 381 1415 de
398 1388 506 1414 Bocho.

217 1439 366 1466 Johannes
382 1437 415 1463 (10
432 1437 510 1463 Sille.

219 1487 368 1514 Petraeius
384 1486 418 1512 de
435 1485 621 1512 Bocadasina.

218 1537 391 1563 Franciscus
404 1535 439 1561 de.
456 1534 565 1561 Rocha.

217 1587 382 1620 Toniaynus
399 1584 432 1609 (10
449 1583 586 1609 Fonte-na.

219 1635 332 1662 Gabriel
346 1632 586 1667 Guadagnabene.

218 1683 364 1709 JOlmnnCS
381 1681 526 1707 Gabellus.

216 1731 343 1759 Jacobus
358 1730 533 1764 Rexagator.

220 1780 392 1807 Franciscus
408 1778 442 1804 (10
460 1777 578 1803 Ziliano.

218 1829 346 1856 Jacobus
361 1828 396 1854 de
413 1826 607 1861 Campinaldo.

218 1877 375 1904 Rainaldus
392 1876 522 1902 Rubeus.

218 1925 384 1953 Leonardus
399 1925 433 1950 (10
448 1924 536 1950 Rozo.

217 1975 375 2002 Nicholaus
391 1973 530 1999 Belixius.

217 2026 321 2052 Petrus
336 2023 371 2049 (10
387 2022 594 2049 vicedominis.

216 2074 343 2102 Aru-icus
357 2073 530 2099 Marabotus.

218 2123 362 2157 Rogerius
375 2121 410 2148 (10
426 2121 539 2155 Ripalta
555 2121 654 2155 major.

217 2172 440 2206 Boncj0hannes
456 2170 490 2196 de
507 2169 629 2196 Lanova.

215 2221 320 2248 Petrus
333 2220 367 2246 de
381 2219 490 2246 Bocho.

216 2269 373 2304 Gasparius
389 2268 423 2294 de
441 2268 575 2294 Fontana.

216 2318 399 2345 Baldazarius
415 2318 449 2343 (10
466 2316 602 2343 Fontana.

217 2367 352 2394 Aldricus
367 2366 401 2392 (10
417 2366 538 2392 Muzefo.

214 2416 342 2442 Jacobus
358 2415 392 2441 de
408 2415 542 2441 Arcellis.

215 2464 401 2491 Bertbolinus
434 2463 622 2490 Brachifortis
655 2463 690 2489 (10

250 2513 360 2539 Ronco.

215 2561 383 2595 Raynaldus
400 2560 548 2587 Altatinia.

216 2610 342 2636 Obertus
358 2609 392 2635 de
410 2609 568 2643 Piguliago.

216 2657 381 2692 Stephanus
397 2657 431 2683 de
449 2657 576 2684 Vieellis.

215 2706 380 2740 Stephanus
398 2705 563 2732 Bon-acius.

214 2753 362 2780 Johannes
378 2754 513 2781 Grandis.

214 2802 362 2828 Johannes
377 2802 410 2828 (10
427 2802 566 2829 Travano.

216 2851 420 2878 Franciscinus
428 2850 632 2878 Cremonensis
644 2860 691 2878 no-

252 2900 351 2926 tarius.

216 2948 343 2974 Leonard
351 2957 382 2973 us
399 2947 432 2973 (10
450 2947 601 2975 Lacazava.

214 2996 372 3023 Jacobinus
390 2996 528 3023 Selarius.

771 348 819 376 LE
844 347 988 377 LIBER
1011 347 1245 378 CENSUUM
1269 348 1323 377 DE
1349 343 1535 378 L'EGLISE
1559 349 1769 378 ROMAINE.

756 411 923 439 Fredericus
940 412 1108 439 Bacarinus.

751 461 855 486 Petrus
871 460 905 486 de
923 461 1055 488 Abbatia.

750 510 898 537 Johannes
913 511 1054 538 Villanus.

751 558 895 586 Gen-ardus
912 561 1038 588 Mossus.

749 606 876 634 Jacobus.
892 607 1029 635 Selarius.

750 655 885 683 Guabriel
915 658 948 683 de
978 658 1143 691 Gaverzugo
1173 666 1226 683 no-

786 707 885 731 tarius.

751 754 911 789 Filippinus
926 755 960 781 (10
978 755 1083 781 Laude.

751 803 896 837 Rogerins
912 805 946 830 de
963 804 1064 831 Can-ali.

748 851 876 878 «Iacobus
893 852 1037 879 Gli-oldus.

748 900 896 927 Johanncs
913 901 1051 929 Salui-ius.

750 948 853 975 Petrus
869 950 903 975 de
920 949 1094 978 Pecudibus.

748 998 897 1024 «Iohannes
918 999 951 1024 (10
968 999 1125 1033 SpettiziiS.

748 1047 889 1081 Nigrinus
906 1047 1091 1074 Bocadasina.

748 1094 906 1121 Jacohinus
923 1095 1119 1123 Brachifortis.

750 1143 884 1170 Bertolus
900 1145 934 1170 (10
949 1145 1081 1171 Arcellis.

749 1193 855 1218 Paulus
872 1193 1071 1220 Brachisortis.

749 1241 862 1268 Gabriel
878 1241 913 1267 (10
929 1240 1049 1268 Corano.

749 1291 862 1318 Gabriel
880 1291 913 1316 de
928 1291 1116 1327 Monteregio.

748 1339 896 1366 Johannes
913 1340 1034 1367 Surdus.

747 1388 875 1415 Jacobus
893 1389 1079 1416 Canterellus.

748 1438 906 1464 Andriolus
925 1439 1061 1465 Selarius.

748 1488 873 1514 Obertus
889 1488 923 1513 (10
939 1488 1065 1514 Mezano.

747 1535 870 1561 Janinus
888 1535 1016 1563 Rubeus.

747 1584 895 1610 Conradus
910 1585 945 1611 de
961 1585 1041 1612 Cario
1054 1587 1156 1620 judex.

747 1632 884 1659 Nicolans
899 1633 934 1659 (10
952 1633 1092 1661 Bubiano.

748 1681 824 1708 Boso
841 1681 874 1707 (10
891 1682 1040 1717 Spettinis.

748 1731 910 1757 Grimerius
930 1731 964 1756 de
981 1731 1114 1758 Arcellis.

748 1780 861 1806 Gabriel
877 1779 911 1805 (10
928 1779 1078 1814 Spettinis.

747 1828 1016 1862 magistorobcrtus
1026 1828 1060 1854 de
1070 1828 1220 1864 Spettinis.

747 1877 899 1903 Zaucellus
915 1877 1079 1910 Aginonus.

746 1926 934 1961 Raymondus
951 1925 1139 1953 Feri-acanus.

746 1975 906 2001 Palinerius
921 1975 955 2000 (10
972 1974 1089 2001 Rizello.

746 2024 859 2051 Gabriel
876 2023 1019 2050 Bosonus.

745 2073 822 2099 Boso
837 2073 981 2099 Bosonus.

746 2124 850 2150 Petrus
867 2124 1007 2151 Marinus.

745 2173 869 2200 Obertus
885 2173 1042 2207 Speremus.

745 2222 877 2248 Matheus
894 2221 928 2247 (10
945 2222 1056 2249 Rizolo.

744 2270 810 2305 Ugo
826 2271 860 2296 de
876 2271 991 2298 Zocula.

743 2319 887 2354 Tampeus
903 2320 936 2346 de
955 2320 1108 2349 Vitalibus.

744 2368 901 2394 Lan-ancus
917 2369 1032 2396 Zocula.

743 2416 891 2443 Johannes
908 2417 1032 2444 Pelatus.

743 2465 891 2492 Johannes
908 2466 1091 2502 Zonencupa.

743 2514 901 2541 Obortinus
917 2515 1111 2549 Spinazarius.

744 2563 873 2589 Anricus
889 2563 1052 2592 ScalionuS.

744 2611 918 2638 Franciscus
934 2613 969 2638 de
988 2612 1182 2640 Vicoviscino.

745 2660 849 2686 Petrus
866 2660 998 2694 Bigulus.

744 2707 916 2735 Guillelinus
930 2709 965 2735 de
983 2709 1076 2736 Porta.

746 2755 875 2791 Filippus
894 2757 928 2783 (10
946 2757 1041 2784 Porta.

743 2804 883 2831 Janocius
900 2805 1019 2833 Grillus.

745 2852 904 2888 Filippinus
923 2854 957 2880 de
977 2854 1112 2883 Veh-ano.

745 2900 949 2929 Franciscinus
968 2903 1101 2938 Fugacia.

745 2950 852 2984 Symon
869 2951 1046 2980 Tenerellus.

747 2998 849 3025 Petrus
865 3000 1027 3035 Cavagnus.

1308 412 1480 440 Fredericus
1496 414 1530 440 (10
1548 414 1666 440 Rizollo.

1306 461 1444 488 Tedixius
1460 463 1494 488 (10
1511 463 1630 489 Rizollo.

1306 510 1434 537 Jacobus
1450 511 1484 536 (10
1500 511 1620 538 Casano.

1306 558 1454 585 Johannes
1470 559 1599 586 Marinus
1617 560 1757 587 notarius

1308 607 1415 642 Syinon
1436 608 1470 633 (10
1485 608 1603 636 Gelon-is.

1305 655 1434 682 Jacobus
1449 657 1483 682 de
1499 657 1635 684 Torsello.

1307 705 1479 732 Guillelmus
1495 705 1611 732 Porrus.

1307 754 1434 780 Anricus
1451 755 1484 780 (10
1501 754 1595 782 Cario.

1307 802 1407 829 Daniel
1427 804 1461 829 (10
1477 804 1569 830 Cario.

1307 852 1455 878 Com-udus
1472 853 1505 879 (10
1523 852 1690 879 Landriano.

1305 900 1433 927 ,Iacobus
1451 901 1485 927 de
1503 901 1638 927 Rocheta.

1306 950 1453 976 Armanus
1470 949 1638 976 Farixellus.

1306 998 1444 1025 Nic-olaus
1462 998 1631 1025 Ventrilius.

1308 1047 1411 1074 Petrus
1430 1047 1464 1073 dc
1480 1047 1620 1074 Romano.

1306 1096 1491 1122 Bel-tholinus
1506 1095 1659 1122 Todiseus.

1305 1144 1429 1171 Janinus
1443 1145 1595 1171 '1‘0discus.

1306 1193 1483 1228 Bonjaninus
1498 1193 1533 1219 (10
1549 1194 1738 1221 Lavornasco.

1305 1242 1441 1269 Nicolaus
1462 1242 1620 1269 Brexanus.

1305 1291 1442 1317 Nicolaus
1458 1291 1588 1318 Orzolus.

1305 1339 1452 1366 Johannos
1469 1339 1644 1367 Bulinarius.

1305 1388 1462 1415 Lafrancus
1482 1388 1656 1415 Pellizarius.

1304 1437 1471 1472 Raynaldus
1489 1437 1655 1463 Polizarius.

1304 1485 1409 1512 Petrus
1426 1485 1614 1520 Polzagallus,

1304 1535 1452 1561 Rolandus
1468 1534 1502 1561 (10
1518 1535 1655 1561 Albricis.

1305 1582 1464 1609 palmerius
1480 1582 1717 1610 Confanonerius.

1303 1632 1468 1658 Bernardus
1485 1631 1683 1667 Chiaparinus.

1302 1681 1428 1708 Obertus
1453 1681 1487 1706 de
1512 1680 1624 1707 Suzano
1645 1680 1779 1707 taberna-

1340 1730 1409 1756 riuS.

1304 1778 1407 1805 Petrus
1422 1778 1456 1804 de
1475 1778 1648 1806 Parietibus.

1305 1828 1409 1854 Petrus
1426 1827 1538 1853 Lurius.

1302 1877 1464 1904 Ancolotus
1479 1876 1513 1902 de
1525 1875 1601 1902 Urso
1615 1876 1777 1903 Trombeta.

1305 1926 1452 1953 Rolandus
1468 1925 1502 1951 de
1519 1926 1682 1952 Ambrosio.

1304 1978 1407 2003 Petrus
1423 1975 1457 2000 de
1474 1974 1611 2000 Antonio,

1303 2024 1431 2051 Jacobus
1446 2024 1480 2049 (10
1496 2023 1665 2057 Renegotio.

1303 2073 1468 2100 Bernardus
1483 2072 1518 2098 de
1536 2071 1615 2098 Pelli.

1302 2122 1452 2149 Johannes
1469 2120 1583 2148 Comes.

1303 2171 1450 2198 Gerardus
1465 2170 1499 2197 de
1515 2170 1596 2196 Villa.

1839 415 1994 442 Obertinns
2009 416 2043 442 de
2058 416 2229 444 Montetuto.

1837 462 1975 489 Nicolans
1991 463 2176 498 Garugionis.

1837 510 1996 538 Jacobinus
2013 511 2184 540 Bonizanus.

1840 558 2019 586 Baldazarins
2036 560 2157 588 Dionus.

1837 607 1988 635 Nicolinus
2003 609 2119 636 Zocula.

1837 657 1984 683 Germ-dus
1999 657 2033 684 de
2050 657 2193 693 Gropallo.

1837 705 2014 732 Gerardinus
2031 706 2223 733 Pettenarins.

1837 753 1941 780 Petrus
1956 754 2165 782 Montenarins.

1839 802 1998 829 Palnierius
2015 803 2134 830 Porrus.

1839 851 2042 879 Franciscinns
2060 852 2177 880 Porrus.

1837 899 1977 935 Opicinus
1994 900 2112 928 Porrus.

1835 948 1984 976 Johnnnes
2000 950 2034 976 (10
2052 951 2167 978 Attone.

1837 997 1935 1024 Daniel
1953 999 2103 1026 Rondona.

1836 1047 1982 1074 Germ-dus
1996 1048 2170 1083 Zapetonus.

1835 1094 1983 1121 Joliannes
2000 1096 2034 1122 (10
2050 1096 2189 1124 Ecclesia.

1837 1143 2007 1171 Guillelmus
2024 1145 2058 1171 (10
2074 1145 2185 1172 Roneo.

1835 1193 1972 1220 Albricus
1988 1194 2152 1229 Gropallus.

1834 1241 1962 1268 Jacobus
1977 1243 2011 1268 de
2028 1243 2155 1270 Roxaco.

1836 1290 2006 1318 Guillelmus
2022 1292 2056 1318 de
2074 1292 2212 1327 Valonga.

1834 1339 2003 1367 Jacoininus
2014 1340 2179 1368 Tornarius.

1835 1387 2009 1415 Franciscns
2028 1389 2168 1416 Penutus.

1833 1436 1956 1463 Janinus
1973 1437 2006 1463 (10
2023 1437 2161 1472 Bagnolo.

1835 1485 1929 1512 Guido
1945 1485 1979 1511 de
1996 1486 2159 1513 Mazniasio.

1835 1531 1969 1566 paganus
1988 1532 2094 1560 pictus.

1835 1580 1999 1607 Obertellus
2014 1581 2048 1607 de
2066 1580 2209 1608 pomario.

1835 1629 1964 1665 Filippus
1982 1629 2115 1658 ButinuS.

1833 1678 1957 1705 Janinus
1972 1678 2098 1705 Ocellus.

1834 1727 1959 1755 Obertus
1975 1728 2145 1754 Traversus.

1834 1776 1995 1803 Obertellus
2012 1777 2046 1802 de
2062 1776 2208 1804 Gerardis.

1833 1825 1981 1852 Johannes
1998 1826 2033 1851 de
2048 1825 2147 1852 Turre.

1833 1874 1991 1901 Obortinus
2006 1874 2040 1900 (10
2056 1874 2104 1900 Zo.

1832 1923 1957 1950 Janinus
1975 1924 2009 1949 de
2024 1923 2114 1950 Tima.

1833 1972 1928 1999 Guido
1945 1972 2105 1999 Ferrarius.

1833 2023 1979 2049 Arinanus
1995 2021 2170 2056 Calegarius.

1835 2070 1998 2097 Bel-nardus
2014 2070 2219 2098 Parmexanus.

1834 2124 1862 2147 et
1878 2120 2032 2146 Autolotus
2047 2119 2225 2154 Stagnarius.

1373 2273 1409 2300 Et
1430 2273 1464 2299 de
1488 2273 1624 2307 predictis
1647 2273 1833 2307 supradictus
1857 2271 1992 2298 dominus
2017 2274 2111 2298 rector
2131 2271 2242 2305 rogavit
2262 2279 2308 2297 me

1339 2323 1489 2349 Aldricum
1506 2323 1648 2349 notarium
1668 2322 1883 2356 infrascriptum
1903 2329 1990 2347 unuin
2014 2323 2041 2347 et
2062 2320 2142 2355 plura
2166 2320 2307 2347 conficere

1339 2371 1454 2407 publica
1470 2371 1673 2398 instrumenta.

1374 2420 1435 2455 Ego
1451 2420 1588 2447 Aldricus
1608 2419 1643 2446 de
1660 2419 1744 2446 Prata
1759 2419 1918 2454 apostolica
1934 2422 1962 2445 et
1977 2418 2116 2453 imperiali
2137 2417 2307 2445 auctoritate

1340 2469 1470 2496 notarius
1482 2469 1615 2504 publicus
1625 2468 1822 2499 Placentinus,
1835 2468 2041 2503 suprascriptis
2053 2466 2189 2494 omnibus
2204 2469 2233 2493 et
2248 2467 2307 2493 sin-

1339 2520 1415 2553 gulis
1431 2518 1548 2546 interfui
1563 2522 1592 2545 et
1607 2527 1657 2553 per
1668 2519 1728 2553 jam
1745 2518 1851 2545 dictum
1868 2516 2015 2543 dominum
2031 2519 2172 2543 rectorem
2188 2520 2308 2551 rogatus

1339 2568 1392 2594 hec
1413 2568 1516 2603 scripsi
1537 2571 1564 2594 et
1580 2567 1613 2594 ad
1631 2568 1766 2602 majorem
1784 2567 1923 2593 cautelam
1941 2566 2056 2600 signum
2073 2573 2168 2591 meum
2184 2565 2306 2600 apposui

1340 2621 1523 2644 consuetum.

1791 2719 1818 2745 2.

1374 2821 1422 2847 ln¹
1434 2821 1549 2848 nomine
1558 2820 1684 2853 Domini,
1697 2829 1791 2847 amen.
1801 2820 1900 2847 Pateat
1910 2820 2052 2847 universis
2065 2820 2206 2854 presentis
2216 2819 2307 2854 scrip-

1343 3010 1365 3035 l.
1388 3009 1536 3044 Avignon,
1559 3010 1593 3036 ‘20
1619 3017 1693 3036 mars
1721 3009 1796 3036 1402.
1819 3024 1851 3028 —
1876 3007 2090 3042 Transcription
2117 3006 2246 3033 officielle
2267 3006 2307 3032 (10

2452 3516 2465 3582 μὶ..
