2465 3582
261 348 296 376 (36
802 341 852 370 LE
876 340 1017 369 LIBER
1040 337 1273 369 CENSUUM
1296 337 1350 366 DE
1374 326 1560 366 L'EGLISE
1582 335 1791 365 ROMAINE.

298 412 458 448 specialiter
471 415 497 437 et
509 410 678 444 generaliter
689 408 880 437 continentur,
894 407 1115 441 interpretantur
1126 409 1153 432 et
1165 406 1253 431 eciam

298 462 505 495 intelliguntur,
523 463 551 484 et
565 467 620 492 que
638 461 734 483 natura
747 456 895 482 feudorum
911 455 1075 489 hujusmodi
1089 455 1212 489 postulat
1227 457 1255 479 et

299 510 426 544 requirit.
452 508 582 534 Prefatus
603 515 668 532 vero
689 506 823 531 dominus
844 508 940 530 noster
956 513 1026 538 papa
1047 503 1192 529 feodorum
1211 511 1254 528 re-

297 559 494 593 cognicionem
519 555 684 590 hujusmodi
708 554 929 587 homaginmque
951 562 984 579 ac
1009 553 1152 579 fidelitatis
1174 553 1255 584 jura-

298 612 423 634 mentum
447 605 571 640 predicta
592 604 681 639 gratis
702 603 866 629 nominibus
888 603 994 636 quibus
1014 610 1100 636 supra
1116 611 1130 627 a
1148 601 1254 635 prefato

297 658 411 683 domino
427 656 498 681 duce
514 654 655 688 recipiens
671 657 698 678 et
713 652 881 681 admictens,
894 651 984 677 eidem
1001 651 1115 676 ilnmino
1127 650 1192 675 ‹luci
1205 657 1255 675 no-

299 706 422 732 minibus
443 704 547 738 quibus
563 711 669 736 suppra
685 701 832 735 stipulanti
848 705 874 726 et
892 700 1036 733 recipienti
1054 700 1146 725 bonus
1164 698 1255 724 domi-

297 763 351 781 nus
374 762 438 779 esse
463 751 591 786 promisit
614 755 640 776 et
660 750 735 784 quod
759 751 848 775 eciam
871 749 964 775 omnia
984 748 1074 774 eidem
1098 748 1179 773 saciet
1200 755 1254 781 que

296 803 414 837 quilibet
429 801 561 827 dominus
579 808 630 825 suo
648 799 722 824 fideli
738 798 859 823 vassallo
876 797 967 823 facere
989 801 1100 822 tenetur
1113 801 1140 821 et
1161 796 1252 821 debet.

298 853 355 887 Ipsi
376 858 443 876 vero
463 849 569 875 domini
594 852 689 873 noster
712 855 782 881 papa
803 850 830 872 et
853 846 909 871 dux
935 845 1048 871 suerunt
1070 845 1255 878 solempniter

297 899 443 935 protestati
465 897 540 931 quod
561 896 584 922 si
606 897 666 930 ipse.
683 896 816 921 dominus
832 894 888 920 dux
906 894 969 928 plus
986 893 1028 919 vei
1045 893 1138 918 minus
1155 901 1255 926 recog-

297 948 407 975 noverit
431 951 459 972 et
482 947 587 972 faceret
608 953 691 979 quam
718 951 924 977 recognoscere
947 946 974 968 et
999 942 1089 968 facere
1114 942 1253 971 debuerit,

296 997 369 1032 quod
394 1004 508 1029 semper
527 996 564 1020 sit
581 994 688 1020 licitum
704 1001 883 1027 quecumque
900 992 972 1017 facta
990 992 1084 1017 minus
1101 991 1195 1017 debite
1212 1000 1255 1016 re-

297 1055 393 1082 parare
409 1050 436 1071 et
454 1045 543 1070 eciam
561 1043 731 1073 reformare,
753 1046 781 1067 ct
796 1041 870 1075 qnod
891 1041 995 1066 nullum
1014 1049 1063 1074 per
1080 1039 1256 1070 recognicio-

297 1104 360 1122 nem
387 1096 445 1128 jam
472 1094 572 1119 factam
602 1092 709 1126 prefato
734 1091 848 1115 domino
876 1094 973 1115 nostro
998 1093 1025 1114 et
1055 1089 1176 1114 ecclesie
1201 1087 1257 1114 Ro-

296 1153 377 1170 mane
395 1152 445 1168 nec
466 1142 555 1167 eciam
572 1141 647 1166 dicto
669 1140 783 1165 domino
800 1139 865 1164 duci
883 1138 1072 1172 prejudicium
1090 1142 1254 1165 generetur.

296 1193 408 1225 Quibus
423 1191 464 1217 sic
481 1191 603 1224 peractis
620 1189 722 1214 ibidem
741 1189 767 1213 in
785 1187 951 1218 continenti,
969 1191 1117 1220 antequam
1136 1186 1255 1211 diverte-

298 1246 375 1268 retur
398 1240 430 1266 ad
456 1239 526 1265 alios
546 1242 641 1268 actus,
665 1237 820 1271 prelibatus
841 1236 973 1261 (lominus
993 1239 1089 1260 noster
1113 1243 1182 1268 papa
1204 1243 1256 1260 no-

297 1290 423 1316 minibus
448 1288 553 1322 qnilius
575 1295 680 1321 suppra
703 1294 785 1311 omne
809 1284 925 1309 comissi
947 1288 972 1309 et
990 1287 1141 1317 nppertnre
1164 1285 1210 1315 jus
1231 1283 1254 1308 si

296 1339 370 1373 quod
396 1338 466 1363 forte
487 1337 546 1370 ipse
567 1336 699 1361 dominns
717 1338 813 1359 noster
831 1341 882 1358 seu
898 1332 970 1357 dicta
988 1331 1116 1357 Romana
1134 1331 1255 1357 ecclesia

296 1389 408 1414 racione
424 1386 541 1411 canonis
557 1393 608 1410 seu
626 1391 732 1409 censu-3
749 1383 885 1407 hactenns
904 1390 956 1406 non
975 1381 1070 1410 soluti,
1089 1385 1135 1405 ant
1156 1388 1255 1413 recog-

298 1437 419 1463 nicionis
443 1436 485 1461 vel
507 1433 630 1466 homagii
645 1438 672 1458 et
688 1432 830 1457 fidelitatis
843 1431 998 1463 juramenti
1016 1434 1143 1462 tempore
1161 1429 1256 1454 debito

297 1496 346 1521 llOl‘
370 1486 475 1511 dicium
499 1483 643 1509 (lominum
668 1481 768 1506 ducein
793 1484 839 1505 :illi
862 1488 930 1505 SUOS
952 1483 1150 1504 sslliOCt'SSOl'FS
1171 1486 1219 1503 SOU
1243 1487 1257 1503 a

297 1536 404 1569 quibus
430 1541 544 1558 cansam
571 1531 667 1556 babuit
693 1529 726 1554 de
750 1529 834 1554 dictis
858 1528 950 1553 senilis
976 1536 1028 1552 non
1054 1528 1189 1553 factorum
1214 1527 1257 1551 vel

297 1585 366 1609 alias
389 1581 491 1616 quovis
514 1579 597 1606 modo
622 1579 648 1604 in
674 1578 766 1604 feudis
788 1576 953 1609 hujusmodi
977 1576 1077 1601 babeat
1099 1579 1125 1601 et
1148 1575 1256 1601 eisdem

297 1635 439 1666 competat
450 1630 476 1655 in
490 1630 561 1663 ipsis
571 1628 612 1653 vel
624 1628 710 1653 altero
723 1625 899 1652 eorumdem.
913 1625 1081 1650 anctoritate
1091 1625 1256 1658 apostolica,

295 1682 329 1707 de
353 1681 506 1709 voluntate,
527 1677 645 1703 consilio
666 1684 697 1701 ac
717 1682 853 1701 assenssu
875 1673 1053 1699 dominorum
1079 1678 1176 1698 sancte
1198 1672 1257 1699 Ro-

297 1738 379 1755 mane
402 1727 522 1753 ecclesie
542 1724 726 1751 cardinalium
752 1722 996 1756 infrascriptorum
1019 1722 1051 1747 ad
1075 1722 1100 1747 id
1121 1730 1258 1755 expresse

295 1775 558 1804 consenciencium.
572 1773 663 1799 eidem
676 1772 790 1798 domino
803 1771 867 1797 duci
882 1776 908 1795 et
921 1771 982 1796 suis
995 1771 1130 1804 predictis
1147 1770 1259 1796 beredi-

296 1828 349 1852 bus
361 1830 387 1851 et
399 1823 618 1851 successoribus
634 1821 742 1847 remisit
758 1820 914 1846 liberaliter
925 1823 953 1844 et
967 1819 1092 1851 donavit,
1107 1820 1259 1853 ipsumque

296 1875 442 1901 «lominum
469 1872 585 1903 ducem⁴v
611 1869 756 1895 satisfacto
780 1869 913 1903 primitus
937 1876 985 1901 pei·
1005 1876 1068 1893 eum
1091 1867 1124 1892 de
1148 1867 1258 1893 duabus

298 1924 390 1949 unciis
404 1921 465 1947 auri
482 1928 553 1954 quas
568 1919 670 1945 ibidem
688 1917 929 1943 reverendissimo
946 1917 971 1942 in
989 1915 1102 1941 Christo
1119 1916 1190 1949 patri
1206 1916 1258 1941 do-

297 1973 372 1998 mino
403 1970 554 1996 Francisco
579 1968 766 1993 miseracione
794 1965 888 1991 divina
912 1964 1129 1998 archiepiscopo
1155 1964 1259 1989 Tholo-

297 2030 377 2053 sano,
396 2018 492 2054 prelati
510 2017 617 2043 domini
635 2015 722 2041 nostri
740 2023 810 2049 pape
823 2014 988 2042 camerario,
1004 2014 1116 2038 nomine
1132 2012 1258 2038 Romane

296 2069 416 2096 ecclesie
443 2071 471 2092 et
494 2066 648 2100 apostolice
673 2072 784 2090 camere
815 2063 981 2096 recipienti,
1011 2061 1123 2087 racione
1153 2069 1259 2087 census

296 2118 363 2144 dicti
388 2116 440 2142 loci
464 2115 525 2140 sive
549 2114 634 2140 castri
657 2113 691 2138 de
712 2111 840 2138 Ussonio
863 2120 911 2145 pro
934 2111 1061 2145 proxime
1082 2111 1216 2144 preterito
1232 2113 1260 2135 et

298 2166 423 2202 presenti
447 2165 529 2190 annis
552 2162 663 2188 realiter
683 2161 768 2187 solvit
785 2164 812 2186 et
827 2159 954 2189 tradidit,
978 2167 1026 2192 per
1047 2159 1150 2184 realem
1174 2157 1260 2184 tradi-

296 2216 408 2242 cionem
433 2221 496 2239 roze
521 2219 605 2237 auree
631 2218 715 2244 quam
742 2209 819 2235 omni
844 2216 918 2234 anno
941 2207 1083 2233 dominica
1111 2211 1209 2240 quarta
1232 2207 1258 2232 in

297 2261 515 2298 quadragesima
531 2260 558 2285 in
577 2261 662 2293 cujus
678 2259 765 2284 misse
782 2257 876 2283 officio
892 2257 1025 2282 introitus
1036 2259 1081 2281 est
1092 2260 1119 2281 et
1130 2259 1261 2281 cantatur

299 2313 397 2339 Letare
420 2309 606 2339 iherusalem,
630 2306 738 2333 domini
761 2306 866 2332 summi
889 2304 1041 2339 pontifices
1063 2304 1089 2329 in
1108 2304 1259 2329 missarum

298 2357 492 2394 solempni[i]s
504 2358 530 2383 in
543 2356 675 2382 manibus
687 2359 783 2381 tenere
797 2358 824 2380 et
840 2354 954 2379 demum
972 2353 1101 2379 nobiliori
1113 2356 1182 2378 tunc
1195 2359 1260 2386 pre-

297 2409 371 2436 senti
387 2408 453 2433 dare
466 2408 689 2435 consueverunt,
707 2403 741 2429 de
757 2403 841 2429 dictis
856 2401 945 2428 feodis
962 2400 1119 2427 investivit.
1137 2400 1191 2432 Qui
1208 2400 1261 2426 do-

299 2458 395 2484 minus
416 2456 472 2481 dux
495 2455 584 2488 ipsam
607 2460 698 2479 rozam
717 2450 900 2486 postmodum
917 2458 965 2484 pei·
981 2449 1124 2475 civitatem
1143 2448 1262 2474 Avinio-

265 2636 300 2668 2⁰
327 2632 405 2667 Sat·
432 2631 464 2665 le
491 2630 622 2665 cahier·
646 2627 701 2662 39
729 2628 769 2670 (f.
800 2628 870 2661 309
883 2627 1040 2668 κιο-311).

751 2780 776 2807 3.

337 2871 484 2898 Clemens·
500 2870 654 2904 episcopus
669 2877 771 2896 servus
787 2875 948 2898 servorum,
962 2871 1029 2899 etc..
1046 2865 1081 2892 ad
1097 2869 1263 2901 perpetuam

303 2989 328 3015 ¹.
352 2988 494 3022 Avtgnon,
512 2986 527 3013 8
543 2986 658 3013 octobre
676 2985 753 3013 1345.
769 2999 802 3005 —
818 2984 856 3011 Le
876 2991 946 3019 pape
961 2982 1089 3010 Clement
1106 2981 1146 3008 VI
1162 2989 1264 3009 recon—

1376 410 1509 436 nensem‚
1530 402 1575 428 ubi
1593 407 1661 428 tunc
1677 402 1811 428 dominus
1828 406 1924 428 noster
1940 410 2004 428 cum
2022 410 2074 428 sua
2089 402 2168 428 curia
2183 402 2337 435 residebat,

1373 459 1423 485 per
1439 451 1498 477 loca
1515 455 1654 477 consueta
1669 459 1734 477 cum
1758 451 1958 486 solempnitate
1974 453 2001 478 in
2018 451 2163 478 similibus
2177 452 2241 478 aliis
2255 452 2339 479 solita

1372 499 1498 525 adhiberi
1516 499 1637 534 publice,
1657 503 1686 525 ut
1702 499 1817 531 dicitur,
1834 501 1965 533 portavit.
1980 499 2020 526 De
2036 500 2143 534 quibus
2158 501 2293 527 omnibus
2309 504 2340 528 et

1372 547 1495 581 singulis
1511 547 1706 581 suppradictis
1722 547 1823 582 prefati
1840 548 1946 574 domini
1962 549 2137 574 camerarius
2154 548 2281 582 predicte
2292 557 2338 576 ec-

1372 597 1458 622 clesie
1474 595 1603 622 Romane
1620 601 1646 622 et
1661 596 1718 622 dux
1735 605 1788 622 suo
1808 600 1836 622 et
1851 605 1970 623 suorum
1993 597 2157 624 nominibus
2173 602 2202 624 et
2216 598 2338 632 quilibet

1372 644 1499 677 ipsorum
1524 644 1577 670 sibi
1604 644 1664 670 fieri
1690 645 1839 678 pecierunt
1864 645 2008 680 publicum
2034 649 2062 671 et
2091 646 2202 680 publica
2226 646 2338 673 instru-

1373 697 1499 718 mentum
1517 697 1545 718 et
1561 693 1750 719 instrumenta
1768 701 1818 727 per
1834 701 1878 719 ine
1894 694 2030 720 clericum
2048 701 2161 720 camere
2181 694 2339 728 apostolice

1372 748 1459 775 supra
1475 745 1502 766 et
1519 742 1590 767 insi-a
1606 742 1753 776 scriptum.

1409 801 1420 812 u
1439 790 1510 815 Acta
1527 790 1642 815 fuerunt
1659 790 1711 816 bec
1726 790 1870 816 Avinione
1885 790 1914 816 in
1932 799 2034 824 magna
2049 799 2121 817 nova
2138 791 2246 825 capella
2261 791 2339 825 pala-

1372 838 1407 863 cii
1422 838 1580 872 apostolici,
1607 838 1790 872 presentibus
1807 838 2058 865 reverendissimis
2075 840 2101 865 in
2119 839 2234 866 Christo
2251 840 2339 874 patri-

1375 887 1428 912 bus
1450 893 1477 912 et
1491 886 1616 912 dominis
1636 886 1760 912 dominis
1782 886 1865 913 Petro
1888 887 2055 919 Pei-tuensi,
2077 887 2208 914 Guidone
2231 887 2340 914 Penes-

1373 935 1457 968 trino‚
1478 935 1610 961 ‹lolianne
1634 935 1809 969 Tusculano,
1834 936 1971 962 Nicholao
1995 936 2154 962 Albanensi
2175 937 2339 971 episcopis;

1373 984 1529 1010 Guillermo
1557 984 1629 1010 tituli
1656 985 1748 1010 sancti
1773 984 1930 1019 Sthephani
1961 985 1987 1010 in
2014 984 2207 1017 Celiomonte,
2231 985 2341 1011 Tboma

1373 1035 1446 1059 tituli
1469 1038 1567 1059 sancte
1590 1034 1738 1064 Praxedis,
1762 1033 1909 1060 Leonardo
1927 1034 2000 1060 tituli
2021 1035 2114 1060 saneti
2133 1034 2215 1064 Sixti,
2230 1034 2339 1060 Jacobo

1373 1084 1446 1109 tituli
1470 1083 1559 1108 sancti
1586 1082 1756 1113 ClementiS,
1775 1082 1932 1108 Bertrando
1950 1082 2023 1108 tituli
2040 1087 2138 1109 sancte
2155 1082 2338 1114 potenciane,

1371 1131 1503 1156 Johanne
1520 1131 1591 1156 tituli
1610 1131 1700 1156 sancti
1720 1130 1832 1161 Vitatis,
1849 1130 1981 1156 Jobanne
1996 1131 2069 1157 tituli
2086 1131 2177 1157 sancti
2194 1130 2296 1158 Ciriaci
2310 1131 2339 1158 in

1371 1179 1498 1212 Termis⁷
1514 1179 1646 1205 Julianne
1661 1180 1735 1205 tituli
1753 1184 1851 1206 sancte
1868 1180 2038 1213 Anastasio,
2058 1180 2141 1205 Petro
2158 1180 2231 1206 tituli
2247 1180 2340 1207 sancti

1375 1228 1449 1254 Petri
1466 1229 1498 1254 ad
1519 1228 1639 1254 Vincula
1657 1229 1846 1262 presbytei·is;
1865 1228 1989 1262 Hugone
2005 1234 2104 1255 sancte
2121 1229 2208 1254 Marie
2223 1229 2250 1255 in
2270 1228 2341 1255 Por-

1375 1278 1443 1309 ticu,
1461 1276 1619 1303 Guillermo
1642 1277 1732 1302 sancti
1756 1277 1875 1309 Angeli,
1899 1276 1982 1302 Petro
2004 1281 2102 1303 sancte
2126 1277 2213 1303 Mai-ie
2233 1277 2260 1302 in
2285 1276 2340 1303 Via

1374 1325 1449 1358 Lata,
1468 1326 1549 1351 l'ctro
1562 1330 1660 1351 sancte
1675 1325 1762 1351 Marie
1778 1326 1803 1351 in
1815 1325 1979 1357 Cosmeilin,
2001 1326 2127 1351 Amcdeo
2139 1329 2238 1351 sancte
2252 1325 2339 1351 Mai-ie

1372 1374 1463 1405 Nove,
1475 1374 1557 1400 l'etro
1569 1379 1666 1399 sancte
1679 1373 1766 1399 Marie
1777 1374 1802 1399 in
1818 1375 1938 1408 Aquiro,
1949 1380 1976 1399 et
1987 1374 2106 1400 Galeoto
2118 1375 2209 1400 sancti
2223 1374 2340 1408 Georgii

1373 1424 1406 1449 ad
1426 1423 1525 1448 Velnm
1541 1432 1659 1449 aureum
1675 1422 1803 1448 diaconis
1819 1423 2027 1455 cardinalibus;
2049 1431 2157 1449 necnon
2181 1422 2338 1449 reverendo

1375 1477 1452 1506 patre
1471 1472 1616 1498 Anthonio
1638 1472 1773 1504 episcopo
1791 1471 1985 1505 Magaionensi
2004 1472 2103 1506 prefati
2120 1472 2227 1498 domini
2249 1471 2339 1498 nostri

1375 1529 1445 1555 pape
1473 1520 1668 1552 thesaurario,
1697 1519 1840 1546 nobilibus
1870 1523 1899 1545 et
1929 1520 2093 1554 potentibus
2123 1520 2191 1546 viris
2215 1519 2340 1546 dominis

1374 1568 1505 1594 «Iohanne
1522 1567 1684 1594 Armaniaci
1708 1571 1735 1592 et
1752 1566 1897 1592 Bet-nardo
1918 1567 2115 1593 Kadrellensis
2134 1567 2340 1594 comictatuum

1375 1618 1530 1643 comitibus
1546 1616 1682 1642 fratribus
1693 1636 1700 1648 ‚
1722 1623 1754 1641 ac
1777 1616 1914 1649 magistro
1931 1616 2058 1642 Gilberto
2074 1616 2108 1642 de
2123 1615 2339 1650 Tbaduigbem,

1374 1667 1532 1692 litterarum
1547 1664 1769 1699 apostolicarum
1782 1668 1955 1696 correctore,
1972 1668 1999 1690 et
2015 1664 2146 1699 pluribus
2160 1665 2223 1690 aliis
2238 1671 2341 1699 magne

1374 1715 1553 1741 auctoritatis
1570 1714 1639 1739 viris
1656 1713 1780 1739 testibus
1800 1714 1834 1739 ad
1852 1714 1991 1747 premissa
2009 1714 2118 1740 vocatis
2134 1714 2297 1748 specialiter
2312 1716 2342 1740 et

1376 1764 1494 1798 rogatis,
1507 1767 1533 1789 et
1551 1771 1595 1789 me
1611 1762 1779 1789 Guilliermo
1793 1762 1827 1788 de
1844 1762 1919 1788 Lacu
1934 1762 2038 1788 clerico
2050 1771 2161 1789 camere
2172 1762 2338 1797 apostolice,

1373 1813 1423 1847 qui
1436 1812 1594 1847 requisitus
1606 1812 1640 1837 de
1652 1811 1784 1837 mandato
1796 1811 1903 1837 domini
1918 1811 2007 1837 nostri
2020 1820 2090 1845 pape
2103 1819 2221 1845 presens
2236 1811 2340 1837 instru-

1375 1866 1501 1888 mentum
1530 1861 1639 1895 recepi,
1663 1860 1712 1885 sed
1728 1860 1791 1885 aliis
1805 1860 1879 1886 dicte
1895 1868 2006 1886 camere
2029 1864 2188 1894 occupatus
2211 1859 2341 1893 negociis

1376 1919 1425 1945 per
1441 1911 1526 1936 alium
1544 1910 1674 1944 ejusdcm
1691 1916 1802 1935 camere
1816 1911 1944 1942 juratum
1961 1909 2082 1934 fideliter
2097 1909 2182 1934 scribi
2200 1909 2264 1939 feci,
2282 1909 2342 1935 hic-

1375 1968 1431 1993 que
1452 1968 1536 1985 manu
1560 1958 1672 1992 propria
1692 1966 1736 1983 nie
1752 1958 1912 1992 subscripsi
1931 1961 1957 1983 et
1977 1957 2059 1991 signo
2076 1966 2131 1991 qno
2149 1963 2212 1983 utor
2227 1957 2341 1991 signavi

1375 2009 1401 2035 in
1420 2008 1615 2034 testimonium
1634 2007 1850 2041 premissorum.
1867 2016 1880 2030 υ

1411 2056 1446 2082 Εῑ
1475 2064 1528 2090 ego
1562 2055 1665 2081 Petrus
1695 2054 1806 2080 Sci-iani
1834 2055 1990 2088 apostolica
2013 2055 2182 2080 auctoritate
2213 2055 2343 2081 notarius

1376 2106 1523 2140 predictus
1543 2105 1610 2130 huic
1626 2103 1799 2137 transcripto
1816 2103 1849 2128 ab
1867 2103 1996 2135 originali
2014 2103 2205 2129 instrumento
2221 2103 2344 2129 fideliter

1376 2154 1518 2180 abstracto
1548 2158 1576 2178 et
1606 2153 1632 2178 in
1664 2152 1790 2185 presenti
1821 2152 1891 2178 libro
1921 2151 2049 2177 censuali
2080 2152 2187 2185 pretate
2214 2150 2343 2177 Romane

1377 2202 1499 2228 ecclesie
1523 2202 1689 2227 continuato
1714 2204 1743 2226 ut
1768 2200 1904 2234 superius
1927 2200 2091 2225 continetur
2111 2204 2139 2225 et
2161 2207 2210 2233 per
2229 2199 2342 2225 fidelem

1376 2252 1545 2285 scriptorem
1567 2250 1674 2284 scripto
1697 2254 1725 2275 et
1750 2257 1799 2283 per
1824 2257 1867 2274 me
1888 2256 1953 2275 cum
1976 2249 2052 2274 dicto
2077 2247 2206 2281 originali
2232 2247 2344 2274 instru-

1377 2305 1472 2327 mento
1494 2300 1678 2334 comprobato
1701 2299 1736 2324 de
1761 2297 1892 2324 mandato
1913 2298 2012 2331 prefati
2032 2297 2138 2323 domini
2163 2297 2251 2323 nostri
2270 2304 2344 2332 pape

1378 2348 1527 2375 Benedicti
1547 2348 1662 2382 signum
1686 2355 1780 2373 meum
1801 2350 1971 2372 consuetum
1990 2347 2124 2380 apposui,
2147 2345 2193 2371 hic
2213 2353 2257 2371 me
2278 2353 2343 2380 pro-

1378 2399 1437 2433 pria
1458 2406 1541 2424 manu
1564 2397 1773 2424 subscribendo
1794 2397 1820 2422 in
1843 2396 1928 2422 fidem
1949 2399 1977 2421 et
2000 2394 2198 2421 testimonium
2218 2394 2344 2428 premis-

1378 2455 1487 2474 sorum.

1380 2777 1419 2802 rei
1440 2776 1621 2804 memoriam.
1637 2775 1679 2802 Ex
1696 2775 1825 2810 injuncte
1841 2773 1924 2800 nobis
1939 2771 2088 2798 servitutis
2103 2771 2193 2799 officio
2213 2774 2348 2799 tenemur

1382 2826 1531 2859 religiosas
1542 2831 1681 2860 personas
1691 2822 1857 2858 apostolicis
1865 2820 2012 2847 favoribus
2023 2819 2186 2854 confovet-e,
2198 2822 2229 2847 ut
2236 2823 2346 2855 quanto

1346 2934 1404 2960 nait
1430 2938 1458 2959 et
1485 2933 1622 2959 confirme
1647 2931 1831 2966 l’exemption
1858 2929 1894 2956 de
1923 2928 2024 2956 l'ordre
2052 2927 2105 2955 des
2127 2927 2286 2955 Gilbertins
2309 2926 2349 2954 de

1346 2981 1562 3016 Senipingbam.
1579 2980 1622 3007 Cf.
1638 2983 1658 3007 t.
1676 2979 1699 3010 1,
1715 2988 1743 3014 p.
1760 2978 1811 3006 225
1827 2979 1852 3005 b.
