2455 3560
613 357 663 386 LE
688 355 831 385 LIBER
853 352 1085 384 CENSUUM
1108 351 1162 381 DE
1185 342 1369 380 L'EGLISE
1391 348 1599 378 ROMAINE.
2104 343 2138 373 51

113 428 188 457 drea
214 426 416 456 Barbarubea
443 424 567 454 civibus
592 422 761 456 Romanis,
790 421 919 450 testibus
947 419 984 448 ad
1012 419 1069 448 bec

112 480 229 511 vocatis
246 484 276 509 et
291 479 419 516 rogatis.

154 534 218 571 Ego
236 532 416 571 Stephanus
421 553 478 561 .....

550 644 596 673 16.

157 746 193 775 In
208 749 215 766 ¹
232 745 362 775 nomine
378 743 509 773 Domini
515 766 574 774 .....
587 743 700 772 Petrus
718 740 870 779 Hugolini
887 740 925 770 de
941 739 1074 778 Speculo

114 798 155 828 de
169 797 301 836 regione
315 796 425 826 Pontis
439 796 537 825 sancti
550 795 647 830 Petri,
664 795 740 824 civis
754 794 930 828 Romanus,
943 792 1075 822 nomine

117 859 175 881 suo
197 854 227 880 et
251 850 384 880 nomine
400 848 555 886 Hugolini
576 848 682 877 fratris
704 847 782 885 ejus,
803 855 856 884 pro
871 854 933 885 quo
955 845 1075 883 promi-

117 903 170 940 sit,
177 926 237 933 .....
255 907 432 940 spontanea
445 901 607 931 voluntate
619 900 714 935 dedit,
730 899 873 929 vendidit
884 903 913 928 et
924 897 1078 928 concessit

117 955 293 986 venerabili
317 955 386 985 viro
406 954 537 984 domino
551 953 675 991 Angelo
691 953 729 982 de
744 953 887 982 Veczosis
902 951 1076 981 camerario

118 1008 241 1039 domini
263 1017 341 1047 pape
345 1030 407 1037 .....
426 1011 562 1046 quatuor
579 1007 676 1045 petias
692 1006 859 1035 vinearum
879 1004 916 1034 ad
938 1004 1077 1043 proprie-

120 1067 226 1098 tatem,
245 1070 317 1091 cum
337 1064 436 1096 terra,
457 1060 575 1089 vitibus
598 1063 626 1089 et
650 1058 831 1094 arboribus,
856 1057 970 1096 positas
992 1061 1078 1086 extra

118 1119 242 1156 portam
269 1116 409 1145 Auream
440 1114 473 1143 in
505 1117 612 1143 monte
637 1111 805 1147 Geretulo;
837 1119 973 1149 quarum
1000 1110 1079 1139 dixit

120 1177 189 1199 esse
219 1168 296 1197 tales
327 1167 479 1197 confines.
512 1166 561 1195 Ab
594 1174 656 1195 uno
687 1164 783 1194 latere
813 1167 897 1194 tenet
926 1163 1079 1193 Nicolaus

119 1221 280 1252 ,Iohannis
296 1220 411 1258 Angeli
423 1243 431 1256 ,
450 1220 489 1249 ab
509 1219 583 1249 aliis
605 1218 728 1248 duobus
745 1222 819 1247 sunt
837 1217 929 1247 vicoli
945 1226 999 1246 seu
1017 1217 1078 1253 vie,

121 1279 152 1305 et
171 1275 210 1304 ab
230 1274 292 1303 alio
315 1278 424 1303 tenent
440 1272 655 1308 Barbaruhea,
678 1277 707 1301 et
723 1272 748 1300 si
770 1270 825 1309 qui
846 1274 921 1300 sunt
942 1269 999 1299 alii
1021 1278 1078 1299 ve·

121 1327 223 1357 riores
233 1327 329 1363 fines;
342 1326 381 1355 ad
393 1325 576 1355 habendum
584 1347 641 1354 .....
653 1333 709 1363 pro
726 1324 824 1362 pretio
839 1326 966 1353 centum
982 1322 1079 1352 libra-

121 1389 193 1410 rum
210 1379 474 1418 proveniensium
492 1382 632 1408 senatus.
652 1377 741 1413 Quod
759 1376 894 1415 pretium
902 1398 960 1406 .....

161 1433 276 1462 Actum
292 1432 403 1468 Rome,
421 1431 503 1470 apud
521 1435 664 1460 sanctum
682 1430 824 1465 Petrum,
842 1429 874 1458 in
891 1429 956 1458 sala
973 1428 1082 1467 palatii

122 1485 200 1515 dicti
221 1485 344 1515 domini
362 1484 543 1519 camerarii,
563 1487 708 1522 presente
724 1492 774 1512 me
791 1482 957 1511 scriniario
974 1485 1002 1511 et
1018 1481 1082 1510 hiis

125 1538 257 1569 testibus
282 1538 320 1567 ad
344 1537 402 1567 hec
431 1537 584 1566 adhibitis
611 1540 640 1566 et
668 1536 799 1573 rogatis,
825 1535 927 1565 silicet
952 1535 1083 1566 domino

124 1592 277 1629 magistro
298 1591 415 1621 Jacobo
438 1590 476 1620 de
492 1590 608 1619 Parma
630 1590 753 1619 domini
778 1598 853 1627 pape
877 1598 1000 1618 camere
1021 1588 1084 1618 cle-

127 1645 208 1681 rico,
228 1645 357 1674 domino
374 1643 497 1674 Calixto
521 1643 642 1682 judice,
660 1642 761 1672 Labro
779 1643 847 1671 cive
865 1646 893 1671 et
912 1646 1085 1671 mercatore

127 1699 271 1734 Lucano,
303 1698 429 1727 Brunco
457 1701 569 1735 nepote
595 1696 717 1726 domiui
745 1695 910 1725 camerarii
939 1700 968 1723 et
993 1695 1084 1724 Petro

131 1751 244 1787 Bussa,
261 1751 383 1780 civibus
400 1750 562 1779 Romanis.

171 1804 288 1833 Eodem
305 1811 427 1839 mense,
444 1803 495 1832 die
508 1802 559 1839 V0,
576 1802 609 1831 in
626 1802 785 1841 presentia
801 1801 865 1830 mei
881 1800 1042 1830 scriniarii
1058 1804 1087 1829 et

132 1856 260 1886 testium
286 1855 562 1894 infrascriptorum
583 1854 621 1884 ad
639 1854 696 1884 hec
713 1853 891 1892 specialiter
907 1858 1087 1883 vocatorum

129 1913 160 1940 et
177 1914 372 1947 rogatorum,
393 1908 524 1938 domina
541 1907 700 1938 Oddolina
720 1912 820 1936 mater
841 1907 915 1936 dicti
934 1906 1086 1944 Hugolini

131 1967 161 1992 et
175 1962 305 1992 domina
319 1962 435 1992 Jacoba
457 1970 536 1991 uxor
553 1961 636 2000 ejus,
659 1961 876 1990 consentiente
900 1960 933 1988 in
950 1959 1009 1989 hoc
1028 1959 1088 1998 ipsi

130 2015 260 2046 domine
273 2015 390 2045 Jacobe
404 2014 534 2044 domino
548 2014 665 2044 Jacobo
680 2013 789 2042 ltubeo
806 2018 891 2052 patre
908 2022 975 2049 suo,
994 2013 1089 2042 ratifi-

131 2072 222 2098 cante
246 2068 418 2097 mandante
442 2072 470 2097 et
491 2071 671 2105 acceptante
689 2066 797 2096 omnia
814 2071 843 2095 et
860 2065 987 2103 singula
1006 2065 1089 2094 infra

133 2123 259 2160 scripta,
277 2121 444 2150 certiorata
459 2120 498 2150 de
513 2120 726 2150 omnibus.....

174 2175 288 2204 Actum
314 2177 387 2203 ante
409 2174 541 2203 domum
562 2172 774 2211 predictorum
799 2172 942 2208 fratrum,
963 2180 1090 2210 presen-

137 2228 221 2258 tibus
259 2227 411 2257 Silvestro
443 2225 609 2256 calzolario
622 2249 629 2262 ,
663 2225 855 2255 Romanutio
890 2225 1091 2254 Conversano

134 2285 164 2311 et
189 2281 312 2311 Thoma
338 2280 448 2310 Gratie
476 2279 596 2309 civibus
623 2279 792 2314 Romanis,
815 2278 948 2307 testibus
971 2278 1009 2307 ad
1035 2278 1093 2308 hec

136 2334 254 2364 vocatis
272 2338 302 2363 et
318 2333 446 2371 rogatis.

176 2386 294 2416 Eodem
319 2394 444 2419 mense,
463 2385 513 2414 die
529 2385 596 2420 V10,
614 2384 892 2422 supranominatus
913 2383 1094 2421 Hugolinus

137 2439 233 2469 frater
246 2438 324 2468 dicti
340 2438 426 2467 Petri
443 2437 626 2472 venditoris,
645 2436 834 2466 certificatus
850 2436 887 2465 de
903 2436 1053 2466 omnibus
1066 2441 1096 2466 et

138 2491 276 2529 singulis
302 2490 493 2530 supradictis
505 2512 513 2526 ,
542 2489 658 2519 dictam
688 2489 906 2518 venditionem
938 2493 1095 2527 quatenus

139 2544 220 2573 sacta
238 2547 285 2573 est
306 2543 437 2573 nomine
459 2543 560 2581 ipsius
580 2542 665 2572 Petri
683 2547 711 2571 et
726 2542 834 2571 onmia
852 2546 882 2570 et
899 2541 1026 2579 singula
1042 2551 1095 2571 su-

139 2597 312 2636 prascripta
331 2596 498 2626 ratificavit
504 2618 564 2625 .....
584 2595 633 2625 Ad
652 2596 709 2625 hec
727 2596 877 2625 Nicolaus
899 2595 937 2624 de
959 2595 1097 2625 Rusticis

141 2650 258 2688 rogatis
276 2654 306 2679 et
320 2649 469 2688 precibus
484 2649 559 2679 dicti
577 2648 732 2686 Hugolini
749 2648 904 2685 fidejussit
909 2670 969 2677 .....

181 2705 298 2733 Actum
320 2702 359 2732 ad
381 2701 529 2732 balcones
551 2711 605 2731 seu
621 2702 773 2731 fenestras
791 2701 867 2731 dicti
885 2700 1010 2740 palatii,
1027 2710 1098 2739 pre-

1190 421 1277 446 sente
1295 426 1344 444 me
1363 415 1530 444 scriniario
1551 418 1580 443 et
1597 414 1661 443 hiis
1683 413 1814 443 testibus
1833 412 1870 440 ad
1895 412 1952 441 bec
1975 410 2090 440 vocatis
2113 413 2143 439 et

1190 469 1320 506 rogatis,
1335 467 1457 497 scilicet
1476 466 1696 496 Bartlioloineo
1715 464 1903 499 Malialardi,
1922 463 2049 492 Andrea
2067 462 2142 491 Bar-

1192 521 1329 552 bai'ubea
1345 525 1375 550 et
1390 520 1519 549 Cintliio
1537 520 1652 549 Mathei
1669 518 1788 547 Cintbii
1809 518 1846 547 de
1861 516 2007 549 misticis,
2023 515 2143 545 civibus

1192 573 1358 604 Romanis.

1235 627 1298 664 Ego
1315 626 1557 664 Steplianns.....
1577 625 1607 653 in
1621 633 1715 658 anno,
1732 623 1918 658 indictione,
1932 630 2041 651 mense
2053 625 2082 649 et
2094 620 2144 648 die

1194 678 1344 718 predictis
1380 683 1410 707 et
1439 677 1521 715 quod
1549 676 1693 714 superins
1724 679 1821 713 patet,
1854 674 1954 702 silicet
1990 671 2143 702 cautelam

1194 741 1292 761 mann
1313 730 1435 770 propria
1453 729 1599 768 punctavi
1617 734 1645 757 et
1663 728 1774 766 scripsi
1791 731 1820 756 et
1840 727 1873 755 in
1896 726 1974 756 locis
1999 724 2145 763 predictis

1195 784 1300 814 abrasi
1318 789 1350 812 nt
1367 787 1458 822 patet.

1632 895 1674 923 17.

1239 1000 1293 1029 1n¹
1311 997 1441 1028 nomine
1456 995 1584 1025 Domini
1591 1016 1649 1024 .....
1661 990 2017 1023 JoliaunesJubarellus
2033 988 2150 1027 figulus

1199 1053 1236 1082 de
1253 1051 1383 1089 regione
1395 1048 1675 1079 Scorteclariorum
1688 1049 1711 1082 2,
1728 1046 1804 1075 civis
1817 1045 1989 1077 Romanus,
2001 1051 2056 1072 sua
2070 1043 2151 1072 bona

1200 1109 1229 1134 et
1259 1108 1433 1142 spontanea
1460 1101 1619 1131 voluntate
1647 1099 1745 1135 dedit,
1772 1097 1915 1126 vendidit
1940 1101 1970 1125 et
1997 1094 2152 1125 concessit

1201 1156 1375 1187 venerabili
1401 1156 1467 1185 viro
1492 1154 1621 1183 domino
1648 1151 1772 1189 Angelo
1797 1150 1835 1179 de
1860 1149 2005 1179 Veczosis
2029 1147 2151 1177 domini

1202 1219 1279 1250 pape
1304 1209 1478 1239 camerario
1484 1229 1542 1237 .....
1570 1206 1647 1235 duas
1674 1205 1772 1243 petias
1796 1204 1974 1237 vinearum,
2000 1201 2098 1230 vitum
2124 1203 2153 1228 et

1201 1263 1350 1293 arborum
1369 1265 1491 1290 tantum
1508 1259 1621 1297 ipsius,
1636 1257 1749 1296 positas
1763 1260 1849 1285 extra
1865 1258 1983 1293 portam
2002 1254 2153 1288 Auream,

1202 1316 1438 1355 improprietate
1456 1312 1585 1342 basilice
1601 1310 1682 1340 beati
1698 1309 1795 1345 Petri,
1809 1308 1926 1346 positas
1937 1310 2022 1335 extra
2036 1309 2155 1343 portam

1202 1371 1342 1398 Auream
1367 1368 1398 1396 in
1424 1369 1529 1394 monte
1549 1362 1712 1397 Geretulo,
1732 1369 1866 1399 quarum
1889 1358 1970 1388 dixit
1991 1366 2058 1387 esse
2080 1356 2157 1386 tales

1204 1421 1355 1452 confines.
1387 1419 1436 1448 Ab
1470 1426 1533 1447 uno
1562 1416 1659 1445 latere
1690 1418 1772 1443 tenet
1793 1412 1960 1442 Johannes
1986 1409 2156 1447 Malgerius

1202 1474 1285 1513 juris
1303 1473 1384 1502 dicte
1398 1470 1537 1505 basilice,
1554 1469 1592 1498 ab
1608 1468 1670 1497 alio
1687 1466 1839 1496 Nicolans
1856 1463 2057 1493 Pincarozius
2073 1462 2157 1500 ejus-

1205 1528 1275 1557 dem
1293 1526 1386 1565 juris,
1406 1529 1435 1553 et
1452 1524 1491 1553 ab
1506 1522 1568 1552 alio
1585 1521 1652 1557 via3
1670 1520 1708 1549 ad
1726 1518 1907 1548 habendum
1915 1539 1973 1545 .....
1992 1523 2046 1554 pro
2062 1514 2158 1553 pretio

1206 1585 1246 1611 et·
1262 1580 1391 1610 nomine
1415 1576 1507 1616 pretii
1532 1574 1668 1605 sedecim
1693 1572 1845 1602 librarum
1870 1570 2026 1599 bonorum
2049 1575 2159 1606 prove-

1207 1633 1372 1663 niensium
1395 1635 1534 1659 senatus.
1554 1627 1643 1662 Quod
1667 1625 1802 1664 pretium
1809 1645 1868 1653 .....
1885 1622 1935 1652 Ad
1954 1622 2010 1651 hec
2026 1621 2160 1650 Ferrans

1207 1685 1409 1716 Lombardus
1435 1680 1603 1711 familiaris
1626 1679 1701 1708 olim
1725 1677 1846 1707 domini
1872 1675 2013 1712 magistri
2037 1672 2159 1702 Alberti

1208 1740 1246 1769 de
1277 1739 1391 1767 Parma
1418 1734 1563 1765 canonici
1594 1732 1723 1762 basilice
1752 1729 1906 1768 principis
1931 1726 2160 1765 apostolorum,

1208 1792 1366 1822 habitator
1388 1789 1526 1819 civitatis
1550 1787 1727 1819 Leoniane,
1748 1787 1857 1820 rogatu
1876 1786 1905 1810 et
1925 1779 2071 1819 precibus
2086 1778 2161 1807 dicti

1207 1845 1366 1876 Johannis
1383 1840 1557 1872 venditoris
1575 1837 1730 1876 fidejussit
1735 1858 1794 1865 .....

1250 1900 1363 1927 Actum
1388 1896 1503 1928 Rome,
1528 1891 1611 1931 apud
1635 1889 1799 1920 basilicam
1822 1887 1905 1917 beati
1923 1885 2021 1919 Petri,
2042 1885 2075 1913 in
2099 1882 2164 1913 sala

1210 1952 1317 1992 palatii
1334 1949 1411 1979 dicti
1432 1947 1553 1978 domini
1570 1943 1753 1978 camerarii,
1772 1945 1916 1980 presente
1933 1948 1984 1968 me
1999 1937 2165 1968 scriniario

1211 2010 1239 2036 et
1257 2005 1320 2034 hiis
1338 2003 1468 2033 testibus
1483 2001 1521 2030 ad
1541 2000 1598 2029 hec
1615 1996 1767 2027 adhibitis
1784 1999 1813 2025 et
1828 1993 1956 2031 rogatis,
1974 1991 2093 2021 scilicet
2109 1990 2165 2020 do-

1211 2059 1301 2088 mino
1317 2057 1467 2093 magistro
1484 2052 1601 2083 Jacobo
1620 2051 1656 2080 de
1676 2050 1790 2078 Parma
1810 2045 1935 2076 domini
1949 2053 2027 2083 pape
2043 2052 2166 2073 camere

1211 2111 1338 2145 eleiico,
1357 2107 1485 2138 domino
1500 2105 1621 2135 Calixto
1634 2103 1758 2142 J‘udice,
1775 2099 1901 2130 Matheo
1918 2098 1956 2127 de
1971 2097 2075 2127 Conca
2091 2095 2167 2125 scri-

1212 2164 1327 2199 niario,
1342 2163 1466 2191 Brunco
1483 2163 1593 2197 nepote
1609 2156 1684 2185 dicti
1700 2153 1824 2184 domini
1840 2150 2009 2182 camerarii
2025 2153 2055 2179 et
2068 2148 2168 2178 Labi-o

1213 2218 1281 2248 cive
1298 2221 1328 2246 et
1345 2217 1519 2244 mercatore
1535 2211 1673 2240 Lucano.

1254 2269 1372 2300 Eodem
1395 2267 1461 2302 die,
1483 2265 1515 2294 in
1539 2261 1698 2302 presentia
1723 2258 1788 2288 mei
1815 2256 1971 2287 scriniarii
1997 2252 2169 2293 supradicti

1215 2328 1245 2354 et
1262 2323 1375 2352 horum
1398 2319 1526 2349 testium
1542 2315 1582 2345 ad
1597 2315 1656 2344 hec
1671 2311 1850 2351 specialiter
1865 2311 2046 2339 vocatorum
2069 2311 2099 2336 et
2119 2314 2169 2335 ro-

1215 2381 1372 2415 gatorum,
1390 2371 1521 2402 domina
1535 2363 1768 2403 Mathia,’uxor
1786 2363 1863 2393 dicti
1880 2361 2038 2392 Johaiinis
2060 2358 2171 2389 vendi-

1217 2429 1305 2465 toris,
1325 2427 1490 2457 certiorata
1495 2445 1554 2453 .....

1256 2483 1371 2512 Actum
1400 2479 1438 2508 ad
1468 2477 1596 2506 domum
1627 2473 1701 2502 dicti
1729 2469 1918 2504 venditoris,
1949 2474 2054 2496 coram
2079 2465 2172 2494 Petro

1218 2537 1330 2570 Bussa,
1342 2531 1491 2563 Contutio
1504 2525 1698 2558 Accomandi
1714 2529 1743 2554 et
1759 2522 1942 2562 presbytero
1958 2518 2088 2549 Nicolao
2104 2525 2170 2546 rec-

1219 2594 1283 2619 tore
1299 2586 1430 2617 ecclesie
1444 2583 1542 2613 saucti
1564 2580 1691 2610 Andree
1710 2578 1749 2607 de
1764 2573 2012 2614 Acqnarizariis,
2027 2570 2169 2601 testibus.

1259 2642 1323 2679 Ego
1343 2638 1523 2677 Stephanus
1528 2657 1587 2663 .....

1219 2823 1243 2847 1.
1260 2820 1352 2846 Meme
1369 2817 1442 2843 date.
1459 2829 1490 2835 -
1506 2813 1576 2840 Jean
1593 2810 1765 2838 Jubarellus,
1785 2806 1886 2842 potier,
1907 2804 1941 2830 de
1964 2804 1988 2829 la
2011 2802 2109 2836 region
2125 2800 2176 2825 des

140 2882 164 2908 1.
187 2881 279 2907 Mcme
300 2882 374 2908 date.
391 2895 424 2901 —
440 2880 537 2907 Pici-re
554 2879 688 2914 Hugolini
709 2879 743 2906 de
760 2879 892 2914 Speculo,
911 2879 944 2905 de
961 2879 986 2905 la
1002 2879 1101 2913 region
1183 2868 1377 2898 Scorteclaisii,
1400 2866 1472 2890 vend
1493 2871 1528 2888 au
1553 2861 1643 2887 menie
1666 2857 1804 2909 cameri&
1823 2855 1897 2881 deux
1918 2853 2014 2887 pieces
2037 2851 2070 2876 de
2093 2856 2175 2882 vigne

105 2929 206 2961 Ponte,
228 2929 301 2956 vend
323 2938 356 2956 au
379 2930 471 2955 meme
490 2929 628 2956 camel-ier
643 2932 743 2962 quatre
760 2928 856 2962 pieces
871 2927 906 2953 de
922 2928 1007 2961 vigne
1027 2928 1102 2954 siges
1184 2920 1259 2946 SiSCS
1280 2926 1314 2943 au
1332 2916 1423 2941 me‘mc
1442 2912 1562 2938 endroit.
1580 2923 1614 2929 -
1632 2907 1811 2934 itatification
1829 2912 1877 2938 par
1893 2903 1916 2928 la
1933 2901 2036 2927 femme
2051 2899 2087 2924 du
2105 2905 2175 2922 ven-

103 2987 139 3005 au
154 2979 245 3005 meme
261 2978 386 3008 endroit.
400 2992 435 2998 —
450 2979 464 3004 5
478 2978 543 3004 mai.
562 2977 743 3004 Ratification
761 2985 809 3011 par
824 2977 848 3002 la
865 2977 950 3007 mere,
963 2976 987 3002 la
1000 2975 1102 3002 femme
1184 2969 1265 2994 deur.

104 3031 133 3053 et
148 3027 174 3053 le
190 3027 263 3053 frere
280 3026 316 3053 du
335 3026 470 3053 vendeur.
1220 3016 1246 3042 ΕΞ.
1264 3015 1326 3043 coil,
1344 3010 1603 3039 Scorterlarioruui.
