2402 3592
195 340 233 369 22

237 405 330 435 lenda
357 410 387 434 et
414 404 567 433 libertatis
595 403 804 432 ecclesiastice
830 402 1050 441 prosequenda
1076 401 1190 435 tutela,

239 464 342 498 preter
360 458 425 493 illa,
443 467 504 496 que
526 456 711 486 memoriani
730 455 912 485 extimantis
929 455 1103 493 effugiunt,
1120 463 1193 484 cen-

241 518 305 541 tnm
326 511 440 548 viginti
459 510 561 538 millia
582 510 746 538 unciarum
767 518 820 546 per
836 508 927 538 fidele
943 508 1194 538 amministrato-

239 575 308 595 rum
325 564 513 602 obsequium
532 567 606 592 tunc
627 562 790 600 expendit,
809 571 944 600 quarum
961 561 1194 591 restitutionem

239 618 396 657 predictus
410 617 581 654 imperator
596 615 781 653 promiserat
797 615 999 653 stipulatione
1011 614 1192 653 sollemqni,

239 671 333 700 fidem
351 674 454 699 tamen
473 669 553 697 sicut
568 674 596 697 et
611 668 722 697 ceteris
738 677 799 697 non
815 668 958 697 daturus.
972 668 1061 697 Tunc
1072 671 1194 706 optatus

242 729 328 762 pater
355 723 393 752 ad
421 722 541 752 Urbem
569 721 758 759 regreditur.
787 721 1012 750 venerabiliter
1038 730 1055 749 a
1081 719 1195 758 populo

242 777 385 806 Romano
402 775 594 812 susceptus1.

282 830 326 858 tt.
340 845 378 850 -—
390 828 485 857 Anno
502 835 576 856 vero
589 827 730 865 ejusdem
749 827 839 856 tertio
852 827 955 856 dictus
971 828 1140 865 imperator
1158 826 1196 855 de

241 881 380 921 partibus
394 880 616 909 transmarinis
633 889 804 917 regressus,
818 889 872 918 per
884 879 1097 909 venerabilem
1115 879 1196 909 Mes-

239 943 407 964 saneusem
434 933 707 971 archiepiscopum
736 937 764 962 et
789 933 1052 962 Theotonicorum
1079 932 1196 970 magis-

244 992 324 1016 trum
349 986 473 1015 veniam
501 985 651 1023 postulat,
675 985 830 1024 promittit
850 985 1032 1020 emendam,
1057 993 1110 1022 pro
1133 993 1196 1013 ser-

240 1040 342 1069 vande
371 1039 442 1068 fidei
466 1039 611 1067 cautione
634 1039 725 1068 offert
751 1038 891 1067 civitates
914 1042 943 1067 et
966 1042 1077 1067 castra.
1107 1037 1197 1073 Quod

242 1093 368 1122 tandem
388 1100 535 1121 summus
549 1091 686 1130 pontifex
703 1091 875 1120 multorum
890 1091 1042 1120 instantia
1056 1091 1198 1120 devictus

241 1146 387 1182 assumit,
416 1154 469 1183 per
496 1144 726 1174 venerabilium
752 1148 875 1183 patrum
901 1144 1111 1173 cardinalium
1135 1149 1200 1174 stu-

241 1200 366 1230 diosum
383 1198 571 1236 obsequium
589 1198 814 1236 compositione
832 1197 954 1226 firmata
971 1201 1000 1227 et
1016 1197 1122 1235 sigillo
1138 1197 1199 1227 im-

243 1252 372 1292 perialis
402 1251 575 1281 testimonii
604 1250 813 1280 communita.
847 1251 982 1279 Demum
1014 1255 1128 1280 terram
1158 1254 1201 1281 tot

244 1306 432 1344 acquisitam
455 1304 615 1334 laboribus
638 1304 740 1334 eidem
764 1304 853 1342 quasi
879 1313 958 1333 nova
981 1304 1202 1334 infeudatione

245 1359 398 1394 concedit,
414 1358 446 1386 in
465 1358 594 1395 signum
609 1357 744 1386 dominii
760 1357 952 1395 quibusdam
971 1357 1031 1387 sihi
1048 1357 1202 1388 munitio-

245 1412 338 1441 nibus
355 1411 531 1441 reservatis.
550 1419 628 1448 quas
645 1410 747 1439 eidem
766 1410 963 1448 postmodum
981 1410 1110 1448 adjectis
1126 1419 1202 1441 con-

243 1465 421 1494 ditionibus
444 1463 687 1498 conmendavit,
710 1472 766 1492 nec
790 1463 889 1500 ipsius
915 1463 1046 1493 vulnere
1072 1463 1204 1494 solidato

245 1518 394 1547 rancoris.
416 1518 561 1554 Dumque
583 1520 727 1554 suspecta
750 1519 1011 1554 prorumperent²
1027 1517 1133 1546 estatis
1151 1517 1203 1546 in-

245 1571 374 1605 cendia,
400 1579 544 1599 summus
567 1569 707 1607 pontifex
729 1570 816 1598 venit
840 1569 1040 1607 Anagniam,
1063 1570 1204 1600 clemen-

249 1624 335 1653 tioris
352 1624 434 1652 aeris
452 1622 687 1659 indulgentiam
709 1627 923 1660 percepturus.
944 1623 992 1652 Ad
1009 1632 1102 1662 quem
1121 1623 1205 1653 inter

248 1677 415 1714 autumpni
441 1676 614 1714 primordia
637 1675 776 1714 prefatus
797 1676 970 1714 imperator
987 1685 1023 1706 ex
1045 1677 1206 1715 insperato

249 1730 404 1768 pervenit,
428 1729 509 1758 circa
533 1728 604 1758 Sala
627 1727 774 1757 salientis
789 1738 889 1767 aquae
907 1729 1027 1759 fontem
1044 1729 1205 1767 irriguum

247 1786 486 1812 castrametatus
501 1781 671 1819 magnifice
683 1790 755 1811 cum
771 1781 951 1811 honorabili
963 1783 1153 1812 comitativa.
1168 1783 1205 1812 In

247 1836 442 1865 crastinum³
459 1837 564 1863 autem
581 1834 756 1863 ascendens
775 1835 951 1872 Anagniam
963 1859 969 1871 ,
987 1836 1024 1864 ad
1044 1835 1136 1873 pedes
1153 1845 1206 1865 ve-

249 1888 381 1917 nerandi
397 1887 556 1926 pontificis
572 1888 687 1925 reJecto
702 1887 797 1925 pallio
815 1892 990 1917 reverenter
1005 1888 1153 1924 accessit3
1171 1897 1206 1919 ac

247 1941 354 1971 osculo
384 1941 456 1969 dato
485 1939 672 1978 aliquandiu
700 1943 840 1969 moratus
866 1941 1003 1976 ibidem,
1030 1941 1062 1969 iu
1090 1941 1206 1980 palatio

249 1996 377 2033 majoris
402 1993 534 2023 ecclesie
560 1994 662 2023 noctis
686 1994 784 2032 spatia
811 1994 1024 2032 pertransivit.
1052 1994 1205 2033 Sequenti

248 2058 321 2078 vero
337 2048 385 2076 die
399 2048 431 2076 in
450 2046 592 2084 ejusdem
612 2047 708 2085 patris
725 2052 855 2085 paterno
873 2047 988 2085 palatio
1008 2047 1101 2077 simul
1120 2052 1207 2077 uter-

248 2111 307 2140 que
331 2102 475 2140 princeps
496 2102 527 2129 in
553 2108 617 2129 nna
638 2109 748 2129 mensa
768 2100 948 2137 discubuit,
972 2101 1153 2139 principum
1178 2104 1207 2129 et

248 2159 430 2192 magnatum
448 2154 567 2183 ibidem
584 2153 699 2182 militia
716 2153 886 2190 magnifice
902 2157 1120 2183 convescente.
1138 2154 1207 2190 Quo

248 2208 297 2237 die
320 2217 373 2245 per
389 2206 499 2245 longos
517 2210 665 2235 tractatus
684 2211 713 2235 et
729 2206 887 2244 publiceS,
908 2215 961 2245 per
978 2211 1096 2236 secreta
1112 2207 1207 2236 farni-

248 2260 395 2290 liaritatis
413 2260 563 2298 alloquia,
581 2261 683 2288 votive
701 2259 842 2294 decurso,
860 2259 956 2289 Cesar
978 2260 1017 2289 ad
1041 2260 1207 2299 temptoria

248 2313 373 2342 rediens
395 2314 572 2351 properavit
592 2313 625 2341 in
652 2313 815 2350 Regnum,
837 2322 983 2342 summus
1003 2317 1107 2342 autem
1130 2321 1208 2351 pon-

250 2366 321 2396 tifex
339 2367 515 2405 propinqua
528 2367 592 2404 jam
610 2375 704 2405 yeme
722 2366 761 2395 ad
777 2366 897 2396 Urbem
915 2366 1042 2403 rediit⁴‚
1062 2366 1208 2396 Romano

248 2419 363 2458 populo
387 2420 606 2457 congaudente
627 2423 800 2458 susceptus.
825 2419 914 2448 Tunc
940 2419 973 2448 in
1000 2419 1208 2449 Lateranensi

248 2472 362 2510 palatio
388 2473 497 2502 domos
522 2473 700 2501 construxit
721 2471 892 2502 altissimas
920 2476 949 2502 et
968 2471 1121 2511 palatium
1149 2481 1209 2502 no-

248 2525 311 2555 bile
333 2534 507 2563 pauperum
531 2525 641 2555 usibus
660 2525 856 2564 deputatum,
875 2525 1031 2555 Romanis
1053 2526 1210 2555 beneficia

249 2578 380 2615 grandia
398 2577 560 2615 elargitur.

294 2630 337 2658 1¹2.
356 2648 393 2651 —
414 2631 467 2659 Set
484 2631 581 2659 bostis
601 2631 723 2669 antiqui
744 2631 899 2667 versutia,
918 2640 980 2669 que
998 2631 1074 2660 dum
1092 2640 1126 2660 ex
1145 2640 1209 2661 uuo

250 2683 424 2721 repellitur,
442 2684 562 2712 aditum
579 2684 701 2713 invenit
720 2684 861 2719 aliunde,
882 2683 1054 2714 Perusinos
1073 2685 1209 2714 cariores

248 2856 271 2881 1,
288 2855 320 2880 ‘24
339 2854 440 2879 tevi-ier
460 2854 534 2880 t·?30.

245 2903 270 2929 ἰ).
290 2903 350 2929 Coti.
370 2907 566 2936 pror-unperct.

247 2952 270 2977 3.
292 2952 326 2977 1²¹·
342 2951 502 2985 septembre
523 2951 598 2977 1-230.

245 3000 270 3025 4.
284 3000 310 3025 A
326 3000 350 3025 la
367 2999 402 3025 fin
420 2999 453 3024 de
472 3000 633 3025 novembre.

738 337 788 366 LE
812 336 955 365 LIBER
977 334 1210 365 CENSUUM
1233 335 1287 364 DE
1310 327 1496 364 L'EGLISE
1518 335 1728 365 ROMAINE.

1314 401 1444 430 ecclesie
1466 401 1548 431 filios
1569 401 1692 431 crudeli
1718 401 1874 431 seditione
1896 402 2084 438 commovit,
2109 406 2142 432 ut
2161 402 2273 432 divisis

1314 452 1501 483 alterutrum
1521 453 1643 492 populis
1661 457 1691 483 et
1708 453 1869 484 nobilibus
1885 454 1923 483 de
1935 454 2061 484 civitate
2079 455 2272 494 proscriptis,

1315 506 1411 544 patris
1437 514 1550 535 manus
1576 506 1690 535 seviret
1717 507 1749 535 in
1778 506 1859 535 filios
1885 510 1915 536 et
1943 506 2029 535 filius
2057 507 2087 535 in
2117 511 2273 545 parentes.

1315 558 1451 587 Furebat
1472 558 1598 588 vicinus
1621 558 1655 587 in
1679 559 1859 597 proximum
1885 563 1914 588 et
1937 560 2019 588 muri
2041 559 2180 589 fraterno
2201 568 2274 589 san-

1315 610 1415 648 guine
1440 611 1608 640 madebant
1630 620 1664 640 ac
1688 611 1834 640 funditus
1856 611 1972 641 eversis
1997 611 2146 641 domibus
2173 616 2202 641 et
2223 620 2274 641 ar-

1316 663 1417 693 bustis
1444 664 1569 700 excisis,
1594 664 1757 702 premebat
1781 665 1867 693 intus
1894 664 1986 693 famis
2011 664 2119 694 inedia
2146 668 2175 694 et
2201 664 2276 695 foris

1316 717 1442 755 gladius
1462 717 1652 748 indefessus.
1675 717 1789 756 Sicque
1811 717 1923 747 civitas
1939 717 2043 746 ruinis
2060 718 2199 755 exposita
2215 717 2278 747 fer·

1316 779 1386 799 rum
1400 774 1589 799 convertens
1601 771 1632 799 in
1646 771 1766 799 viscera
1782 770 1848 800 suis
1862 769 2144 808 parabatexilium,
2158 770 2278 808 absque

1318 822 1459 852 remedio
1473 822 1575 852 laxius
1590 824 1724 852 ruitura.
1742 823 1887 853 Occurrit
1902 823 1935 852 in
1954 823 2013 853 hoc
2030 827 2129 852 mater
2145 822 2278 853 ecclesia

1318 876 1384 904 filie
1399 876 1537 905 desolate
1556 876 1695 911 miserta,
1714 880 1744 905 et
1759 876 1876 906 domno
1889 876 2038 906 Jobanne
2050 877 2087 906 de
2100 875 2279 914 Columpna

1318 929 1401 958 tituli
1421 932 1527 958 sancte
1548 929 1697 958 Praxedis
1719 929 1897 958 venerabili
1915 929 2100 968 presbytero
2120 928 2279 958 cardinali

1319 991 1373 1021 pro
1386 983 1525 1020 ipsorum
1537 982 1746 1011 subventione
1759 982 1924 1020 premisso,
1941 982 2067 1012 tandem
2079 982 2163 1012 circa
2172 981 2280 1011 estatis

1319 1036 1450 1064 initium
1465 1039 1576 1074 quarto
1592 1036 1639 1064 sui
1660 1035 1861 1074 pontificatus
1880 1044 1965 1064 anno
1986 1035 2156 1064 Perusium
2174 1043 2280 1073 perso-

1320 1089 1456 1117 naliter¹
1486 1088 1563 1117 adiit
1588 1089 1657 1126 pius
1687 1093 1783 1126 pater.
1815 1088 1876 1124 Qui
1910 1088 2099 1118 miserorum
2132 1088 2282 1117 misertus

1320 1142 1485 1179 angustias
1502 1147 1531 1170 et
1551 1142 1600 1180 pia
1616 1146 1743 1179 gestans
1760 1142 1879 1170 viscera
1900 1150 1974 1170 cum
1997 1141 2135 1177 afflictis,
2158 1140 2283 1170 reduxit

1322 1195 1441 1230 exules,
1470 1195 1607 1224 confovit
1632 1198 1776 1231 egentes,
1801 1194 1903 1223 tristes
1928 1199 1957 1223 et
1980 1202 2102 1223 merore
2125 1193 2282 1224 confectos

1322 1248 1549 1278 consolationis
1562 1248 1702 1277 remedio
1716 1247 1873 1283 delinivit,
1887 1247 2037 1277 omnibus
2049 1247 2148 1276 factus
2159 1246 2280 1283 omnia,

1323 1301 1445 1330 medela
1474 1305 1502 1329 et
1531 1301 1658 1330 refectio
1686 1300 1898 1338 singulorum.
1926 1299 2050 1335 Quibus
2075 1299 2114 1329 ad
2142 1299 2226 1338 pacis
2253 1303 2284 1329 et

1323 1355 1489 1384 concordie
1516 1354 1622 1383 federa
1643 1355 1788 1382 cautione
1811 1353 2028 1382 intercedente
2055 1353 2204 1389 reductiS,
2229 1360 2284 1391 pro

1323 1407 1508 1446 reparandis
1535 1407 1639 1435 ruinis
1659 1410 1688 1436 et
1704 1406 1916 1435 subventione
1933 1405 2144 1444 dampnorum
2169 1414 2283 1435 novem

1325 1461 1415 1490 milia
1440 1460 1593 1489 librarum
1617 1465 1746 1498 paterna
1773 1459 1964 1489 liberalitate
1988 1459 2158 1495 concessit,
2185 1458 2285 1488 tribus

1326 1514 1456 1544 milibus
1480 1515 1632 1543 mutuatis
1656 1513 1797 1550 eisdem,
1822 1517 1851 1542 et
1873 1513 1957 1551 quod
1979 1512 2074 1542 citius
2095 1512 2210 1542 deserti
2226 1511 2285 1541 filii

1327 1567 1447 1606 perdita
1460 1571 1655 1605 repararent,
1669 1575 1796 1596 causam
1810 1566 1967 1595 uberioris
1982 1565 2095 1595 auxilii
2111 1564 2286 1595 clementer

1326 1621 1442 1659 adjecit
1458 1615 1480 1655 ²,
1514 1620 1629 1657 viginti
1659 1619 1797 1649 duorum
1821 1618 1983 1648 mensium
2010 1627 2130 1647 moram
2158 1626 2286 1656 percur-

1327 1683 1400 1703 rens
1416 1673 1547 1708 ibidem,
1564 1681 1624 1711 que
1641 1672 1719 1702 solet
1737 1671 1922 1709 regionibus
1938 1671 2095 1701 beneficia
2112 1670 2287 1700 desiderate

1327 1725 1558 1756 commoditatis
1574 1725 1697 1754 afferre.

1370 1778 1414 1809 13.
1441 1795 1479 1800 —
1505 1778 1670 1807 Premebat
1692 1777 1823 1807 interim
1851 1777 1996 1807 Romana
2020 1776 2124 1806 rabies
2150 1776 2288 1806 recidivo

1328 1831 1433 1860 furore
1452 1830 1537 1859 sedis
1553 1829 1721 1867 apostolice
1738 1829 1929 1865 libertatem,
1950 1829 2097 1858 ecclesias
2114 1829 2209 1858 Urbis
2227 1837 2287 1857 an-

1326 1884 1425 1922 gariis
1440 1888 1470 1912 et
1486 1882 1636 1912 vassallos
1659 1883 1849 1912 Patrimonii
1872 1882 1970 1911 variis
1996 1882 2167 1911 honeribus
2185 1881 2288 1920 impe-

1329 1940 1446 1972 tentes,
1465 1946 1499 1966 ex
1520 1936 1637 1974 quibus
1654 1944 1693 1964 ne
1709 1943 1822 1974 sponsa
1838 1934 1959 1965 Christi
1977 1939 2156 1964 remaneret
2171 1934 2286 1972 inulta,

1327 1991 1417 2029 quasi
1444 1988 1588 2018 libellum
1612 1988 1736 2027 repudii
1760 1993 1963 2027 susceptura,
1987 1988 2099 2017 videus
2131 1987 2289 2017 Dominus

1328 2043 1413 2081 quod
1430 2043 1571 2081 ipsorum
1588 2045 1701 2071 cuncta
1715 2041 1865 2079 cogitatio
1881 2041 2004 2070 intenta
2020 2046 2102 2070 esset
2114 2040 2153 2070 ad
2168 2040 2287 2070 malum

1328 2096 1389 2126 celi
1407 2099 1577 2125 cataractas
1596 2094 1720 2133 aperuit
1739 2100 1769 2123 et
1792 2098 1900 2124 secuta
1917 2094 2050 2132 Tyberis
2068 2094 2218 2124 tumentis
2235 2094 2287 2123 in-

1329 2149 1426 2179 fluxio
1453 2149 1486 2177 in
1504 2148 1651 2178 domibus
1670 2148 1767 2178 Urbis
1791 2157 1891 2186 usque
1910 2148 1948 2177 ad
1971 2152 2049 2176 tecta
2067 2156 2287 2183 succrescens,

1328 2202 1476 2232 homines
1496 2210 1557 2231 nou
1583 2209 1697 2240 paucos
1719 2205 1749 2230 et
1763 2201 1909 2239 jumenta
1930 2200 2062 2235 delevit,
2081 2200 2241 2229 frumento
2260 2204 2291 2230 et

1328 2256 1404 2285 viuo
1420 2255 1610 2294 deperditis,
1627 2254 1716 2284 lectis
1739 2258 1768 2284 et
1785 2263 1930 2284 vasorum
1947 2254 2120 2292 grandium
2141 2253 2289 2283 multitu-

1329 2310 1403 2339 dine
1421 2309 1548 2338 devexis
1572 2309 1606 2337 in
1628 2318 1736 2345 mare3
1762 2308 1916 2346 illamque
1937 2308 2132 2346 serpentium
2155 2315 2288 2345 magna—

1329 2372 1400 2392 rum
1416 2363 1599 2400 congeriem
1616 2363 1700 2390 intra
1717 2362 1805 2390 urbis
1822 2361 1930 2390 menia
1946 2360 2113 2390 inundatio
2128 2360 2290 2390 diminuta

1329 2416 1479 2455 reliquid,
1491 2420 1642 2445 uteorum
1655 2414 1824 2453 putredine
1837 2414 1967 2443 molesta
1980 2413 2047 2443 lues
2057 2413 2089 2442 iu
2102 2413 2250 2443 homines
2260 2418 2290 2443 et

1327 2471 1471 2508 Jumenta
1481 2469 1646 2498 deseviens
1659 2476 1809 2505 magnam
1820 2467 1962 2506 ipsorum
1975 2471 2095 2505 partem
2108 2470 2175 2496 tuni
2189 2470 2289 2496 morte

1331 2528 1397 2552 tum
1409 2522 1597 2551 infirmitate
1613 2521 1845 2559 dampnaverit.
1862 2520 1925 2556 Qui
1939 2521 2047 2550 divine
2063 2520 2194 2549 ultionis
2207 2519 2289 2558 judi-

1329 2576 1415 2605 cium
1435 2575 1473 2604 de
1492 2575 1613 2604 offensa
1629 2574 1738 2603 venire
1760 2573 1870 2602 matris
1892 2572 2030 2602 Ecclesie
2046 2577 2288 2610 cognoscentes,

1330 2628 1557 2659 cancellarium
1569 2632 1598 2656 et
1610 2626 1805 2656 Paudulfum
1816 2626 1853 2656 de
1863 2626 2000 2662 Subura,
2014 2625 2109 2656 Urbis
2121 2633 2289 2664 proconsu-

1326 2808 1351 2834 1.
1369 2806 1434 2833 Ceci
1447 2792 1494 2832 'est
1514 2806 1638 2832 inexact.
1660 2805 1706 2831 Au
1723 2807 1969 2831 commencement
1984 2804 2018 2829 de
2039 2803 2103 2830 l’ete
2121 2804 2197 2835 1230,
2216 2803 2292 2831 Gre-

1291 2855 1370 2888 goire
1387 2854 1428 2880 IX
1445 2854 1513 2880 etait
1528 2856 1542 2880 a
1561 2854 1662 2880 Rome.
1680 2853 1751 2879 Mais
1767 2852 1888 2878 l’auteur
1903 2860 1919 2877 a
1935 2860 1970 2878 eu
1987 2860 2020 2878 en
2039 2860 2094 2878 vue
2109 2852 2237 2878 l'arrivee
2252 2852 2289 2878 du

1289 2912 1361 2939 pape
1378 2906 1392 2930 a
1411 2903 1536 2929 Pei-ouse
1552 2911 1586 2928 en
1606 2902 1681 2935 1228,
1701 2902 1725 2927 la
1743 2902 1880 2927 [leumieme
1895 2903 1986 2926 annc'e
2007 2901 2041 2926 de
2061 2909 2112 2927 son
2131 2901 2288 2935 pontificat,

1290 2954 1314 2978 le
1334 2953 1363 2979 13
1376 2954 1452 2986 juin.

1325 3002 1349 3027 Q,
1368 3002 1429 3028 Coa.
1447 3001 1562 3034 abjecit.
