<?xml version="1.0" encoding="UTF-8"?>
<!DOCTYPE html PUBLIC "-//W3C//DTD XHTML 1.0 Transitional//EN"
    "http://www.w3.org/TR/xhtml1/DTD/xhtml1-transitional.dtd">
<html xmlns="http://www.w3.org/1999/xhtml" xml:lang="en" lang="en">
 <head>
  <title>
</title>
<meta http-equiv="Content-Type" content="text/html;charset=utf-8" />
  <meta name='ocr-system' content='tesseract 3.04.00' />
  <meta name='ocr-capabilities' content='ocr_page ocr_carea ocr_par ocr_line ocrx_word'/>
</head>
<body>
  <div class='ocr_page' id='page_1' title='image "./lelibercensuumde05fabruoft_0011.png"; bbox 0 0 2455 3560; ppageno 0'>
   <div class='ocr_carea' id='block_1_1' title="bbox 645 356 2182 391">
    <p class='ocr_par' dir='ltr' id='par_1_1' title="bbox 645 356 2182 391">
     <span class='ocr_line' id='line_1_1' title="bbox 645 356 2182 391; baseline 0 0"><span class='ocrx_word' id='word_1_1' title='bbox 645 361 695 391; x_wconf 86' lang='lat' dir='ltr'>LE</span> <span class='ocrx_word' id='word_1_2' title='bbox 718 361 863 391; x_wconf 82' lang='lat' dir='ltr'><strong>LIBER</strong></span> <span class='ocrx_word' id='word_1_3' title='bbox 885 360 1118 391; x_wconf 88' lang='lat' dir='ltr'>CENSUUM</span> <span class='ocrx_word' id='word_1_4' title='bbox 1142 361 1196 390; x_wconf 80' lang='lat' dir='ltr'>DE</span> <span class='ocrx_word' id='word_1_5' title='bbox 1220 356 1406 391; x_wconf 84' lang='lat' dir='ltr'>L&#39;EGLISE</span> <span class='ocrx_word' id='word_1_6' title='bbox 1428 360 1636 391; x_wconf 82' lang='lat' dir='ltr'>ROMAINE.</span> <span class='ocrx_word' id='word_1_7' title='bbox 2164 363 2182 391; x_wconf 85' lang='lat'>5</span> 
     </span>
    </p>
   </div>
   <div class='ocr_carea' id='block_1_2' title="bbox 103 426 1915 573">
    <p class='ocr_par' dir='ltr' id='par_1_2' title="bbox 103 426 1915 573">
     <span class='ocr_line' id='line_1_2' title="bbox 142 426 1915 466; baseline 0.001 -11"><span class='ocrx_word' id='word_1_8' title='bbox 142 426 289 462; x_wconf 73' lang='lat' dir='ltr'>ficorum,</span> <span class='ocrx_word' id='word_1_9' title='bbox 305 426 632 466; x_wconf 81' lang='lat' dir='ltr'>metropolitanorum,</span> <span class='ocrx_word' id='word_1_10' title='bbox 646 427 968 466; x_wconf 80' lang='lat' dir='ltr'>archiepiscoporum,</span> <span class='ocrx_word' id='word_1_11' title='bbox 985 427 1100 466; x_wconf 88' lang='lat' dir='ltr'>episco-</span> <span class='ocrx_word' id='word_1_12' title='bbox 1244 427 1434 457; x_wconf 85' lang='lat' dir='ltr'>Varvaleris.</span> <span class='ocrx_word' id='word_1_13' title='bbox 1770 428 1915 458; x_wconf 76' lang='lat' dir='ltr'>Oritnon.</span> 
     </span>
     <span class='ocr_line' id='line_1_3' title="bbox 142 480 1905 518; baseline 0 -9"><span class='ocrx_word' id='word_1_14' title='bbox 142 487 266 518; x_wconf 86' lang='lat' dir='ltr'>porum.</span> <span class='ocrx_word' id='word_1_15' title='bbox 1246 480 1441 511; x_wconf 84' lang='lat' dir='ltr'>Neocesarea</span> <span class='ocrx_word' id='word_1_16' title='bbox 1456 484 1476 509; x_wconf 88' lang='lat'>¹.</span> <span class='ocrx_word' id='word_1_17' title='bbox 1771 481 1905 511; x_wconf 87' lang='lat' dir='ltr'>Dolichi.</span> 
     </span>
     <span class='ocr_line' id='line_1_4' title="bbox 103 530 1899 573; baseline 0 -10"><span class='ocrx_word' id='word_1_18' title='bbox 103 531 286 563; x_wconf 86' lang='lat' dir='ltr'>Catholicus</span> <span class='ocrx_word' id='word_1_19' title='bbox 306 532 486 572; x_wconf 80' lang='lat' dir='ltr'>Yrinipolis</span> <span class='ocrx_word' id='word_1_20' title='bbox 508 542 570 572; x_wconf 83' lang='lat' dir='ltr'>que</span> <span class='ocrx_word' id='word_1_21' title='bbox 592 537 638 563; x_wconf 87' lang='lat' dir='ltr'>est</span> <span class='ocrx_word' id='word_1_22' title='bbox 662 533 820 569; x_wconf 82' lang='lat' dir='ltr'>Baldach,</span> <span class='ocrx_word' id='word_1_23' title='bbox 843 533 1018 563; x_wconf 72' lang='lat' dir='ltr'>catholicus</span> <span class='ocrx_word' id='word_1_24' title='bbox 1038 533 1102 563; x_wconf 87' lang='lat' dir='ltr'>Ani</span> <span class='ocrx_word' id='word_1_25' title='bbox 1205 530 1222 559; x_wconf 88' lang='lat'>5</span> <span class='ocrx_word' id='word_1_26' title='bbox 1246 530 1345 559; x_wconf 75' lang='lat' dir='ltr'>Perri·</span> <span class='ocrx_word' id='word_1_27' title='bbox 1772 534 1899 573; x_wconf 85' lang='lat' dir='ltr'>Eurepi.</span> 
     </span>
    </p>
   </div>
   <div class='ocr_carea' id='block_1_3' title="bbox 143 585 431 623">
    <p class='ocr_par' dir='ltr' id='par_1_3' title="bbox 143 585 431 623">
     <span class='ocr_line' id='line_1_5' title="bbox 143 585 431 623; baseline 0.003 -9"><span class='ocrx_word' id='word_1_28' title='bbox 143 585 200 623; x_wconf 87' lang='lat' dir='ltr'>qui</span> <span class='ocrx_word' id='word_1_29' title='bbox 217 589 262 615; x_wconf 84' lang='lat' dir='ltr'>est</span> <span class='ocrx_word' id='word_1_30' title='bbox 279 585 431 615; x_wconf 82' lang='lat' dir='ltr'><strong>Persidis.</strong></span> 
     </span>
    </p>
   </div>
   <div class='ocr_carea' id='block_1_4' title="bbox 104 636 2186 678">
    <p class='ocr_par' dir='ltr' id='par_1_4' title="bbox 104 636 2186 678">
     <span class='ocr_line' id='line_1_6' title="bbox 104 636 2186 678; baseline 0.001 -11"><span class='ocrx_word' id='word_1_31' title='bbox 104 637 201 668; x_wconf 88' lang='lat' dir='ltr'>Sedes</span> <span class='ocrx_word' id='word_1_32' title='bbox 215 638 317 677; x_wconf 85' lang='lat' dir='ltr'>prima</span> <span class='ocrx_word' id='word_1_33' title='bbox 332 639 449 677; x_wconf 72' lang='lat' dir='ltr'>Tyrus.</span> <span class='ocrx_word' id='word_1_34' title='bbox 468 639 533 668; x_wconf 89' lang='lat' dir='ltr'>Sub</span> <span class='ocrx_word' id='word_1_35' title='bbox 549 639 607 668; x_wconf 88' lang='lat' dir='ltr'>hac</span> <span class='ocrx_word' id='word_1_36' title='bbox 618 639 692 668; x_wconf 89' lang='lat' dir='ltr'>sede</span> <span class='ocrx_word' id='word_1_37' title='bbox 704 644 778 668; x_wconf 83' lang='lat' dir='ltr'>sunt</span> <span class='ocrx_word' id='word_1_38' title='bbox 790 640 987 678; x_wconf 81' lang='lat' dir='ltr'>episcopatus</span> <span class='ocrx_word' id='word_1_39' title='bbox 999 639 1080 669; x_wconf 88' lang='lat' dir='ltr'>XIII</span> <span class='ocrx_word' id='word_1_40' title='bbox 1096 651 1102 667; x_wconf 80' lang='lat'>2</span> <span class='ocrx_word' id='word_1_41' title='bbox 1187 636 1284 666; x_wconf 79' lang='lat' dir='ltr'>Sedes</span> <span class='ocrx_word' id='word_1_42' title='bbox 1300 641 1386 666; x_wconf 84' lang='lat' dir='ltr'>sexta</span> <span class='ocrx_word' id='word_1_43' title='bbox 1405 638 1526 673; x_wconf 80' lang='lat' dir='ltr'>Bostra,</span> <span class='ocrx_word' id='word_1_44' title='bbox 1543 638 1574 667; x_wconf 86' lang='lat' dir='ltr'>id</span> <span class='ocrx_word' id='word_1_45' title='bbox 1593 643 1637 668; x_wconf 83' lang='lat' dir='ltr'>est</span> <span class='ocrx_word' id='word_1_46' title='bbox 1655 639 1838 669; x_wconf 82' lang='lat' dir='ltr'>Busselecb.</span> <span class='ocrx_word' id='word_1_47' title='bbox 1861 639 1927 669; x_wconf 86' lang='lat' dir='ltr'>Sub</span> <span class='ocrx_word' id='word_1_48' title='bbox 1945 639 2003 669; x_wconf 88' lang='lat' dir='ltr'>hac</span> <span class='ocrx_word' id='word_1_49' title='bbox 2022 640 2095 670; x_wconf 86' lang='lat' dir='ltr'>sede</span> <span class='ocrx_word' id='word_1_50' title='bbox 2112 645 2186 670; x_wconf 80' lang='lat' dir='ltr'>sunt</span> 
     </span>
    </p>
   </div>
   <div class='ocr_carea' id='block_1_5' title="bbox 108 737 2198 2626">
    <p class='ocr_par' dir='ltr' id='par_1_5' title="bbox 166 737 852 768">
     <span class='ocr_line' id='line_1_7' title="bbox 166 737 852 768; baseline -0.001 -1"><span class='ocrx_word' id='word_1_51' title='bbox 166 737 339 767; x_wconf 86' lang='lat' dir='ltr'>Porfireon.</span> <span class='ocrx_word' id='word_1_52' title='bbox 692 739 852 768; x_wconf 79' lang='lat' dir='ltr'>Orthosia.</span> 
     </span>
    </p>

    <p class='ocr_par' dir='ltr' id='par_1_6' title="bbox 165 788 1967 928">
     <span class='ocr_line' id='line_1_8' title="bbox 165 788 1946 822; baseline 0.001 -2"><span class='ocrx_word' id='word_1_53' title='bbox 165 790 288 821; x_wconf 84' lang='lat' dir='ltr'>Arthis.</span> <span class='ocrx_word' id='word_1_54' title='bbox 691 791 826 821; x_wconf 84' lang='lat' dir='ltr'>Arados.</span> <span class='ocrx_word' id='word_1_55' title='bbox 1248 788 1401 819; x_wconf 82' lang='lat' dir='ltr'>Genison.</span> <span class='ocrx_word' id='word_1_56' title='bbox 1774 792 1946 822; x_wconf 80' lang='lat' dir='ltr'>Costantia.</span> 
     </span>
     <span class='ocr_line' id='line_1_9' title="bbox 165 842 1967 881; baseline 0.001 -8"><span class='ocrx_word' id='word_1_57' title='bbox 165 843 383 874; x_wconf 76' lang='lat' dir='ltr'>ptolomaidis.</span> <span class='ocrx_word' id='word_1_58' title='bbox 636 844 670 873; x_wconf 87' lang='lat'>10</span> <span class='ocrx_word' id='word_1_59' title='bbox 693 844 883 874; x_wconf 77' lang='lat' dir='ltr'>Antarados.</span> <span class='ocrx_word' id='word_1_60' title='bbox 1248 842 1485 881; x_wconf 75' lang='lat' dir='ltr'>philadelphia.</span> <span class='ocrx_word' id='word_1_61' title='bbox 1776 845 1967 875; x_wconf 83' lang='lat' dir='ltr'>Paramboli.</span> 
     </span>
     <span class='ocr_line' id='line_1_10' title="bbox 166 896 1934 928; baseline 0.001 -2"><span class='ocrx_word' id='word_1_62' title='bbox 166 896 275 927; x_wconf 89' lang='lat' dir='ltr'>Sidon.</span> <span class='ocrx_word' id='word_1_63' title='bbox 694 898 826 927; x_wconf 85' lang='lat' dir='ltr'>Paneas.</span> <span class='ocrx_word' id='word_1_64' title='bbox 1248 896 1389 926; x_wconf 88' lang='lat' dir='ltr'>Adraon.</span> <span class='ocrx_word' id='word_1_65' title='bbox 1779 898 1934 928; x_wconf 80' lang='lat' dir='ltr'>Dionisia.</span> 
     </span>
    </p>

    <p class='ocr_par' dir='ltr' id='par_1_7' title="bbox 126 949 2008 1096">
     <span class='ocr_line' id='line_1_11' title="bbox 126 949 2000 988; baseline 0.001 -8"><span class='ocrx_word' id='word_1_66' title='bbox 126 950 143 980; x_wconf 86' lang='lat'>5</span> <span class='ocrx_word' id='word_1_67' title='bbox 166 949 306 988; x_wconf 77' lang='lat' dir='ltr'>Sarepta.</span> <span class='ocrx_word' id='word_1_68' title='bbox 693 951 804 981; x_wconf 81' lang='lat' dir='ltr'>Aradi.</span> <span class='ocrx_word' id='word_1_69' title='bbox 1251 949 1392 979; x_wconf 78' lang='lat' dir='ltr'>Midaon.</span> <span class='ocrx_word' id='word_1_70' title='bbox 1777 950 1864 980; x_wconf 90' lang='lat' dir='ltr'>Cona</span> <span class='ocrx_word' id='word_1_71' title='bbox 1881 951 2000 981; x_wconf 82' lang='lat' dir='ltr'>Athoii.</span> 
     </span>
     <span class='ocr_line' id='line_1_12' title="bbox 168 1002 2008 1043; baseline 0.001 -11"><span class='ocrx_word' id='word_1_72' title='bbox 168 1003 321 1034; x_wconf 86' lang='lat' dir='ltr'>Biblium.</span> <span class='ocrx_word' id='word_1_73' title='bbox 694 1004 841 1043; x_wconf 82' lang='lat' dir='ltr'>Tripolis.</span> <span class='ocrx_word' id='word_1_74' title='bbox 1211 1002 1227 1031; x_wconf 90' lang='lat'>5</span> <span class='ocrx_word' id='word_1_75' title='bbox 1250 1003 1450 1034; x_wconf 87' lang='lat' dir='ltr'>Austandon.</span> <span class='ocrx_word' id='word_1_76' title='bbox 1724 1004 1755 1033; x_wconf 86' lang='lat'>15</span> <span class='ocrx_word' id='word_1_77' title='bbox 1780 1004 2008 1043; x_wconf 74' lang='lat' dir='ltr'>Mai-imopolis.</span> 
     </span>
     <span class='ocr_line' id='line_1_13' title="bbox 168 1055 1958 1096; baseline 0.002 -11"><span class='ocrx_word' id='word_1_78' title='bbox 168 1055 311 1086; x_wconf 85' lang='lat' dir='ltr'>Botrion.</span> <span class='ocrx_word' id='word_1_79' title='bbox 695 1058 864 1087; x_wconf 84' lang='lat' dir='ltr'>Berrittus.</span> <span class='ocrx_word' id='word_1_80' title='bbox 1253 1056 1468 1087; x_wconf 85' lang='lat' dir='ltr'>Belraundon.</span> <span class='ocrx_word' id='word_1_81' title='bbox 1780 1057 1958 1096; x_wconf 76' lang='lat' dir='ltr'>PhilipoliS.</span> 
     </span>
    </p>

    <p class='ocr_par' dir='ltr' id='par_1_8' title="bbox 108 1110 2198 1887">
     <span class='ocr_line' id='line_1_14' title="bbox 1252 1110 1962 1150; baseline 0.001 -11"><span class='ocrx_word' id='word_1_82' title='bbox 1252 1110 1456 1148; x_wconf 75' lang='lat' dir='ltr'>Zororoyma.</span> <span class='ocrx_word' id='word_1_83' title='bbox 1780 1111 1962 1150; x_wconf 79' lang='lat' dir='ltr'>Crisopolis.</span> 
     </span>
     <span class='ocr_line' id='line_1_15' title="bbox 108 1161 1922 1203; baseline 0 -10"><span class='ocrx_word' id='word_1_84' title='bbox 108 1161 206 1193; x_wconf 83' lang='lat' dir='ltr'>Sedes</span> <span class='ocrx_word' id='word_1_85' title='bbox 224 1163 365 1193; x_wconf 89' lang='lat' dir='ltr'>secunda</span> <span class='ocrx_word' id='word_1_86' title='bbox 385 1163 539 1194; x_wconf 85' lang='lat' dir='ltr'>Tharsus.</span> <span class='ocrx_word' id='word_1_87' title='bbox 558 1163 624 1194; x_wconf 88' lang='lat' dir='ltr'>Sub</span> <span class='ocrx_word' id='word_1_88' title='bbox 644 1164 703 1194; x_wconf 88' lang='lat' dir='ltr'>hac</span> <span class='ocrx_word' id='word_1_89' title='bbox 726 1164 799 1193; x_wconf 87' lang='lat' dir='ltr'>sede</span> <span class='ocrx_word' id='word_1_90' title='bbox 817 1167 893 1194; x_wconf 82' lang='lat' dir='ltr'>sunt</span> <span class='ocrx_word' id='word_1_91' title='bbox 912 1164 1110 1203; x_wconf 81' lang='lat' dir='ltr'>episcopatus</span> <span class='ocrx_word' id='word_1_92' title='bbox 1253 1163 1360 1193; x_wconf 83' lang='lat' dir='ltr'>Herri.</span> <span class='ocrx_word' id='word_1_93' title='bbox 1781 1164 1922 1203; x_wconf 78' lang='lat' dir='ltr'>Neylon.</span> 
     </span>
     <span class='ocr_line' id='line_1_16' title="bbox 148 1216 1891 1255; baseline 0 -9"><span class='ocrx_word' id='word_1_94' title='bbox 148 1216 294 1255; x_wconf 86' lang='lat' dir='ltr'>quinque</span> <span class='ocrx_word' id='word_1_95' title='bbox 310 1225 317 1247; x_wconf 86' lang='lat'><strong>:</strong></span> <span class='ocrx_word' id='word_1_96' title='bbox 1252 1217 1348 1246; x_wconf 90' lang='lat' dir='ltr'>Yeui.</span> <span class='ocrx_word' id='word_1_97' title='bbox 1783 1218 1891 1248; x_wconf 88' lang='lat' dir='ltr'>Lorea.</span> 
     </span>
     <span class='ocr_line' id='line_1_17' title="bbox 1196 1269 1400 1299; baseline 0.005 -1"><span class='ocrx_word' id='word_1_98' title='bbox 1196 1269 1231 1298; x_wconf 92' lang='grc'>10</span> <span class='ocrx_word' id='word_1_99' title='bbox 1254 1269 1400 1299; x_wconf 85' lang='lat' dir='ltr'>Eutimii.</span> 
     </span>
     <span class='ocr_line' id='line_1_18' title="bbox 168 1309 839 1341; baseline 0.001 -2"><span class='ocrx_word' id='word_1_100' title='bbox 168 1309 320 1340; x_wconf 87' lang='lat' dir='ltr'>Sebastis.</span> <span class='ocrx_word' id='word_1_101' title='bbox 697 1310 839 1341; x_wconf 84' lang='lat' dir='ltr'>Coricos.</span> 
     </span>
     <span class='ocr_line' id='line_1_19' title="bbox 169 1362 2195 1420; baseline 0 -14"><span class='ocrx_word' id='word_1_102' title='bbox 169 1362 292 1420; x_wconf 56' lang='lat' dir='ltr'><strong>Mfffl05·</strong></span> <span class='ocrx_word' id='word_1_103' title='bbox 659 1365 676 1394; x_wconf 85' lang='lat'>5</span> <span class='ocrx_word' id='word_1_104' title='bbox 698 1364 912 1394; x_wconf 62' lang='lat' dir='ltr'>POUdflffldOS·</span> <span class='ocrx_word' id='word_1_105' title='bbox 1196 1376 1293 1406; x_wconf 84' lang='lat' dir='ltr'>Sedes</span> <span class='ocrx_word' id='word_1_106' title='bbox 1318 1377 1453 1415; x_wconf 87' lang='lat' dir='ltr'>septima</span> <span class='ocrx_word' id='word_1_107' title='bbox 1476 1378 1652 1407; x_wconf 79' lang='lat' dir='ltr'>Anavarza.</span> <span class='ocrx_word' id='word_1_108' title='bbox 1677 1376 1743 1407; x_wconf 87' lang='lat' dir='ltr'>Sub</span> <span class='ocrx_word' id='word_1_109' title='bbox 1767 1377 1825 1406; x_wconf 84' lang='lat' dir='ltr'>hac</span> <span class='ocrx_word' id='word_1_110' title='bbox 1846 1377 1919 1407; x_wconf 85' lang='lat' dir='ltr'>sede</span> <span class='ocrx_word' id='word_1_111' title='bbox 1939 1382 2013 1406; x_wconf 83' lang='lat' dir='ltr'>suut</span> <span class='ocrx_word' id='word_1_112' title='bbox 2035 1377 2195 1416; x_wconf 88' lang='lat' dir='ltr'>episcopa-</span> 
     </span>
     <span class='ocr_line' id='line_1_20' title="bbox 169 1415 1424 1459; baseline 0.012 -14"><span class='ocrx_word' id='word_1_113' title='bbox 169 1415 259 1446; x_wconf 82' lang='lat' dir='ltr'>Tiva.</span> <span class='ocrx_word' id='word_1_114' title='bbox 1240 1435 1288 1459; x_wconf 86' lang='lat' dir='ltr'>tus</span> <span class='ocrx_word' id='word_1_115' title='bbox 1305 1430 1401 1459; x_wconf 88' lang='lat' dir='ltr'>VlIll</span> <span class='ocrx_word' id='word_1_116' title='bbox 1419 1439 1424 1458; x_wconf 90' lang='lat'><strong>:</strong></span> 
     </span>
     <span class='ocr_line' id='line_1_21' title="bbox 111 1521 1912 1569; baseline -0.001 -16"><span class='ocrx_word' id='word_1_117' title='bbox 111 1521 208 1553; x_wconf 85' lang='lat' dir='ltr'>Sedes</span> <span class='ocrx_word' id='word_1_118' title='bbox 235 1524 325 1552; x_wconf 76' lang='lat' dir='ltr'>tertia</span> <span class='ocrx_word' id='word_1_119' title='bbox 351 1523 483 1560; x_wconf 85' lang='lat' dir='ltr'>Edessa,</span> <span class='ocrx_word' id='word_1_120' title='bbox 510 1523 542 1553; x_wconf 91' lang='lat' dir='ltr'>id</span> <span class='ocrx_word' id='word_1_121' title='bbox 567 1528 612 1553; x_wconf 86' lang='lat' dir='ltr'>est</span> <span class='ocrx_word' id='word_1_122' title='bbox 638 1524 751 1561; x_wconf 75' lang='lat' dir='ltr'>Rages.</span> <span class='ocrx_word' id='word_1_123' title='bbox 774 1523 839 1553; x_wconf 84' lang='lat' dir='ltr'>Sub</span> <span class='ocrx_word' id='word_1_124' title='bbox 865 1523 922 1553; x_wconf 86' lang='lat' dir='ltr'>hac</span> <span class='ocrx_word' id='word_1_125' title='bbox 946 1523 1019 1553; x_wconf 88' lang='lat' dir='ltr'>sede</span> <span class='ocrx_word' id='word_1_126' title='bbox 1040 1527 1115 1552; x_wconf 86' lang='lat' dir='ltr'>sunt</span> <span class='ocrx_word' id='word_1_127' title='bbox 1258 1530 1458 1569; x_wconf 52' lang='grc' dir='ltr'>Ερῑρῂᾶῃμ,</span> <span class='ocrx_word' id='word_1_128' title='bbox 1787 1529 1912 1559; x_wconf 65' lang='grc'>305505,</span> 
     </span>
     <span class='ocr_line' id='line_1_22' title="bbox 152 1576 1956 1614; baseline -0.002 0"><span class='ocrx_word' id='word_1_129' title='bbox 152 1576 350 1614; x_wconf 62' lang='lat' dir='ltr'>epiSCODRfflS</span> <span class='ocrx_word' id='word_1_130' title='bbox 365 1576 397 1606; x_wconf 83' lang='lat' dir='ltr'>X</span> <span class='ocrx_word' id='word_1_131' title='bbox 414 1587 421 1605; x_wconf 76' lang='lat'>¹</span> <span class='ocrx_word' id='word_1_132' title='bbox 1242 1600 1245 1602; x_wconf 94' lang='lat'>·</span> <span class='ocrx_word' id='word_1_133' title='bbox 1258 1583 1469 1614; x_wconf 80' lang='lat' dir='ltr'>Alexandros.</span> <span class='ocrx_word' id='word_1_134' title='bbox 1785 1581 1956 1611; x_wconf 79' lang='lat' dir='ltr'>Castavali.</span> 
     </span>
     <span class='ocr_line' id='line_1_23' title="bbox 206 1635 1902 1675; baseline -0.006 -1"><span class='ocrx_word' id='word_1_135' title='bbox 206 1669 211 1674; x_wconf 95' lang='lat'>.</span> <span class='ocrx_word' id='word_1_136' title='bbox 279 1669 284 1674; x_wconf 94' lang='lat'>.</span> <span class='ocrx_word' id='word_1_137' title='bbox 1259 1637 1441 1675; x_wconf 82' lang='lat' dir='ltr'>Irinopolis.</span> <span class='ocrx_word' id='word_1_138' title='bbox 1790 1635 1902 1672; x_wconf 86' lang='lat' dir='ltr'>Eguas.</span> 
     </span>
     <span class='ocr_line' id='line_1_24' title="bbox 176 1669 1880 1728; baseline 0 -11"><span class='ocrx_word' id='word_1_139' title='bbox 176 1669 299 1699; x_wconf 62' lang='lat' dir='ltr'>Vlrchl&#39;</span> <span class='ocrx_word' id='word_1_140' title='bbox 703 1669 892 1727; x_wconf 36' lang='lat' dir='ltr'>Gednffffl&#39;ou&#39;</span> <span class='ocrx_word' id='word_1_141' title='bbox 1260 1688 1516 1728; x_wconf 81' lang='lat' dir='ltr'>Cambrisopolis.</span> <span class='ocrx_word' id='word_1_142' title='bbox 1788 1688 1880 1718; x_wconf 87' lang='lat' dir='ltr'>Sisia.</span> 
     </span>
     <span class='ocr_line' id='line_1_25' title="bbox 173 1721 1396 1771; baseline 0 -20"><span class='ocrx_word' id='word_1_143' title='bbox 173 1721 370 1752; x_wconf 84' lang='lat' dir='ltr'>Constantia.</span> <span class='ocrx_word' id='word_1_144' title='bbox 705 1722 831 1751; x_wconf 76' lang='lat' dir='ltr'>imeria.</span> <span class='ocrx_word' id='word_1_145' title='bbox 1221 1742 1237 1770; x_wconf 82' lang='lat'>5</span> <span class='ocrx_word' id='word_1_146' title='bbox 1262 1741 1396 1771; x_wconf 37' lang='lat' dir='ltr'><strong>Flavias.</strong></span> 
     </span>
     <span class='ocr_line' id='line_1_26' title="bbox 174 1775 933 1814; baseline -0.001 -9"><span class='ocrx_word' id='word_1_147' title='bbox 174 1775 306 1805; x_wconf 82' lang='lat' dir='ltr'>Carron.</span> <span class='ocrx_word' id='word_1_148' title='bbox 703 1775 933 1814; x_wconf 80' lang='lat' dir='ltr'>Querquentia.</span> 
     </span>
     <span class='ocr_line' id='line_1_27' title="bbox 176 1828 2198 1887; baseline 0 -10"><span class='ocrx_word' id='word_1_149' title='bbox 176 1828 376 1868; x_wconf 65' lang='lat' dir='ltr'>MareopOhS‘</span> <span class='ocrx_word' id='word_1_150' title='bbox 703 1829 875 1887; x_wconf 36' lang='grc' dir='ltr'>’ΜΨ-Ἥρω</span> <span class='ocrx_word' id='word_1_151' title='bbox 1201 1847 1299 1878; x_wconf 81' lang='lat' dir='ltr'>Sedes</span> <span class='ocrx_word' id='word_1_152' title='bbox 1327 1852 1437 1877; x_wconf 86' lang='lat' dir='ltr'>octava</span> <span class='ocrx_word' id='word_1_153' title='bbox 1466 1847 1615 1877; x_wconf 80' lang='lat' dir='ltr'>Seleutia.</span> <span class='ocrx_word' id='word_1_154' title='bbox 1645 1847 1710 1877; x_wconf 86' lang='lat' dir='ltr'>Sub</span> <span class='ocrx_word' id='word_1_155' title='bbox 1740 1847 1798 1877; x_wconf 88' lang='lat' dir='ltr'>hac</span> <span class='ocrx_word' id='word_1_156' title='bbox 1830 1848 1902 1877; x_wconf 85' lang='lat' dir='ltr'>sede</span> <span class='ocrx_word' id='word_1_157' title='bbox 1931 1853 2005 1877; x_wconf 84' lang='lat' dir='ltr'>sunt</span> <span class='ocrx_word' id='word_1_158' title='bbox 2037 1849 2198 1886; x_wconf 82' lang='lat' dir='ltr'>episcopa-</span> 
     </span>
    </p>

    <p class='ocr_par' dir='ltr' id='par_1_9' title="bbox 135 1881 1469 1930">
     <span class='ocr_line' id='line_1_28' title="bbox 135 1881 1469 1930; baseline 0 -19"><span class='ocrx_word' id='word_1_159' title='bbox 135 1882 153 1912; x_wconf 90' lang='lat'>5</span> <span class='ocrx_word' id='word_1_160' title='bbox 175 1881 311 1912; x_wconf 87' lang='lat' dir='ltr'>Vatuon.</span> <span class='ocrx_word' id='word_1_161' title='bbox 648 1882 682 1912; x_wconf 92' lang='grc'>10</span> <span class='ocrx_word' id='word_1_162' title='bbox 704 1882 917 1912; x_wconf 73' lang='lat' dir='ltr'>Callimiston.</span> <span class='ocrx_word' id='word_1_163' title='bbox 1244 1905 1294 1930; x_wconf 58' lang='lat' dir='ltr'>ms</span> <span class='ocrx_word' id='word_1_164' title='bbox 1312 1900 1443 1930; x_wconf 69' lang='lat' dir='ltr'>XXIIII</span> <span class='ocrx_word' id='word_1_165' title='bbox 1464 1913 1469 1929; x_wconf 90' lang='lat'>:</span> 
     </span>
    </p>

    <p class='ocr_par' dir='ltr' id='par_1_10' title="bbox 115 1987 1975 2092">
     <span class='ocr_line' id='line_1_29' title="bbox 115 1987 1975 2038; baseline 0.001 -21"><span class='ocrx_word' id='word_1_166' title='bbox 115 1987 213 2018; x_wconf 85' lang='lat' dir='ltr'>Sedes</span> <span class='ocrx_word' id='word_1_167' title='bbox 226 1993 338 2027; x_wconf 85' lang='lat' dir='ltr'>quarta</span> <span class='ocrx_word' id='word_1_168' title='bbox 354 1989 500 2026; x_wconf 80' lang='lat' dir='ltr'>Apamia,</span> <span class='ocrx_word' id='word_1_169' title='bbox 520 1988 552 2018; x_wconf 93' lang='lat' dir='ltr'>id</span> <span class='ocrx_word' id='word_1_170' title='bbox 569 1993 615 2018; x_wconf 86' lang='lat' dir='ltr'>est</span> <span class='ocrx_word' id='word_1_171' title='bbox 637 1988 765 2018; x_wconf 78' lang='lat' dir='ltr'>Albai-a.</span> <span class='ocrx_word' id='word_1_172' title='bbox 791 1988 857 2018; x_wconf 85' lang='lat' dir='ltr'>Sub</span> <span class='ocrx_word' id='word_1_173' title='bbox 880 1988 939 2018; x_wconf 86' lang='lat' dir='ltr'>hac</span> <span class='ocrx_word' id='word_1_174' title='bbox 955 1988 1028 2018; x_wconf 91' lang='lat' dir='ltr'>sede</span> <span class='ocrx_word' id='word_1_175' title='bbox 1045 1992 1120 2018; x_wconf 85' lang='lat' dir='ltr'>sunt</span> <span class='ocrx_word' id='word_1_176' title='bbox 1261 2000 1489 2038; x_wconf 46' lang='lat' dir='ltr'>Claudiopolis</span> <span class='ocrx_word' id='word_1_177' title='bbox 1790 2000 1975 2030; x_wconf 42' lang='lat' dir='ltr'>galenum&amp;</span> 
     </span>
     <span class='ocr_line' id='line_1_30' title="bbox 155 2041 1918 2092; baseline -0.001 -9"><span class='ocrx_word' id='word_1_178' title='bbox 155 2041 352 2079; x_wconf 54' lang='lat' dir='ltr'>episcopatus</span> <span class='ocrx_word' id='word_1_179' title='bbox 369 2041 430 2071; x_wconf 74' lang='lat' dir='ltr'>VH</span> <span class='ocrx_word' id='word_1_180' title='bbox 449 2054 454 2070; x_wconf 78' lang='lat'><em>²</em></span> <span class='ocrx_word' id='word_1_181' title='bbox 1262 2055 1461 2084; x_wconf 78' lang='lat' dir='ltr'>Diocesarea.</span> <span class='ocrx_word' id='word_1_182' title='bbox 1791 2053 1918 2092; x_wconf 58' lang='lat' dir='ltr'>Yotapi.</span> 
     </span>
    </p>

    <p class='ocr_par' dir='ltr' id='par_1_11' title="bbox 176 2106 2132 2322">
     <span class='ocr_line' id='line_1_31' title="bbox 335 2106 2132 2162; baseline -0.001 -24"><span class='ocrx_word' id='word_1_183' title='bbox 335 2133 341 2138; x_wconf 88' lang='lat'>.</span> <span class='ocrx_word' id='word_1_184' title='bbox 666 2134 675 2138; x_wconf 90' lang='lat'>-</span> <span class='ocrx_word' id='word_1_185' title='bbox 706 2133 735 2162; x_wconf 53' lang='lat' dir='ltr'>M</span> <span class='ocrx_word' id='word_1_186' title='bbox 837 2134 841 2138; x_wconf 92' lang='lat'>.</span> <span class='ocrx_word' id='word_1_187' title='bbox 1261 2108 1369 2146; x_wconf 85' lang='lat' dir='ltr'>Oropi.</span> <span class='ocrx_word' id='word_1_188' title='bbox 1735 2107 1767 2136; x_wconf 87' lang='grc'>15</span> <span class='ocrx_word' id='word_1_189' title='bbox 1791 2106 2011 2145; x_wconf 82' lang='lat' dir='ltr'>Philadelphia</span> <span class='ocrx_word' id='word_1_190' title='bbox 2027 2117 2132 2146; x_wconf 80' lang='lat' dir='ltr'>parva.</span> 
     </span>
     <span class='ocr_line' id='line_1_32' title="bbox 177 2133 1969 2198; baseline -0.001 -8"><span class='ocrx_word' id='word_1_191' title='bbox 177 2133 374 2172; x_wconf 64' lang='lat' dir='ltr'><strong>Epyphama&#39;</strong></span> <span class='ocrx_word' id='word_1_192' title='bbox 665 2143 680 2162; x_wconf 60' lang='grc' dir='ltr'>ο</span> <span class='ocrx_word' id='word_1_193' title='bbox 706 2151 716 2162; x_wconf 52' lang='lat'><em>²</em></span> <span class='ocrx_word' id='word_1_194' title='bbox 740 2142 856 2190; x_wconf 37' lang='lat' dir='ltr'>allam]</span> <span class='ocrx_word' id='word_1_195' title='bbox 1260 2160 1467 2191; x_wconf 84' lang='lat' dir='ltr'>Dalixandos.</span> <span class='ocrx_word' id='word_1_196' title='bbox 1791 2160 1969 2198; x_wconf 81' lang='lat' dir='ltr'>lrinopolis.</span> 
     </span>
     <span class='ocr_line' id='line_1_33' title="bbox 176 2186 2075 2269; baseline 0 -25"><span class='ocrx_word' id='word_1_197' title='bbox 176 2186 269 2244; x_wconf 35' lang='lat' dir='ltr'>sele?</span> <span class='ocrx_word' id='word_1_198' title='bbox 285 2186 416 2216; x_wconf 64' lang='lat' dir='ltr'>covaua‘</span> <span class='ocrx_word' id='word_1_199' title='bbox 707 2187 883 2269; x_wconf 30' lang='lat' dir='ltr'><strong>Rffphhama&#39;</strong></span> <span class='ocrx_word' id='word_1_200' title='bbox 1222 2215 1238 2244; x_wconf 90' lang='lat'>5</span> <span class='ocrx_word' id='word_1_201' title='bbox 1262 2214 1378 2244; x_wconf 88' lang='lat' dir='ltr'>Sevila.</span> <span class='ocrx_word' id='word_1_202' title='bbox 1790 2213 2075 2252; x_wconf 76' lang='lat' dir='ltr'>Germanicopolis.</span> 
     </span>
     <span class='ocr_line' id='line_1_34' title="bbox 177 2240 1918 2322; baseline -0.001 -26"><span class='ocrx_word' id='word_1_203' title='bbox 177 2240 326 2322; x_wconf 47' lang='lat' dir='ltr'>ssffilffla&#39;</span> <span class='ocrx_word' id='word_1_204' title='bbox 707 2241 786 2269; x_wconf 55' lang='lat'>‘³¹²⁶</span> <span class='ocrx_word' id='word_1_205' title='bbox 815 2249 880 2269; x_wconf 66' lang='lat'>³⁸³·</span> <span class='ocrx_word' id='word_1_206' title='bbox 1261 2267 1463 2297; x_wconf 75' lang='lat' dir='ltr'>Kelenderis.</span> <span class='ocrx_word' id='word_1_207' title='bbox 1792 2266 1918 2297; x_wconf 71' lang='lat' dir='ltr'>Mobaa.</span> 
     </span>
    </p>

    <p class='ocr_par' dir='ltr' id='par_1_12' title="bbox 205 2301 2026 2359">
     <span class='ocr_line' id='line_1_35' title="bbox 205 2301 2026 2359; baseline 0 -9"><span class='ocrx_word' id='word_1_208' title='bbox 205 2302 224 2322; x_wconf 74' lang='lat' dir='ltr'>a</span> <span class='ocrx_word' id='word_1_209' title='bbox 239 2301 330 2322; x_wconf 69' lang='lat' dir='ltr'>anea&#39;</span> <span class='ocrx_word' id='word_1_210' title='bbox 1262 2321 1428 2350; x_wconf 83' lang='lat' dir='ltr'>Anemori.</span> <span class='ocrx_word' id='word_1_211' title='bbox 1791 2320 2026 2359; x_wconf 86' lang='lat' dir='ltr'>Dometiopolis.</span> 
     </span>
    </p>

    <p class='ocr_par' dir='ltr' id='par_1_13' title="bbox 117 2372 1950 2574">
     <span class='ocr_line' id='line_1_36' title="bbox 117 2372 1950 2466; baseline 0.001 -37"><span class='ocrx_word' id='word_1_212' title='bbox 117 2398 215 2429; x_wconf 88' lang='lat' dir='ltr'>Sedes</span> <span class='ocrx_word' id='word_1_213' title='bbox 237 2398 350 2438; x_wconf 87' lang='lat' dir='ltr'>quinta</span> <span class='ocrx_word' id='word_1_214' title='bbox 370 2398 534 2437; x_wconf 84' lang='lat' dir='ltr'>Ierapolis,</span> <span class='ocrx_word' id='word_1_215' title='bbox 557 2398 590 2428; x_wconf 86' lang='lat' dir='ltr'>id</span> <span class='ocrx_word' id='word_1_216' title='bbox 616 2402 662 2428; x_wconf 91' lang='lat' dir='ltr'>est</span> <span class='ocrx_word' id='word_1_217' title='bbox 686 2397 845 2428; x_wconf 86' lang='lat' dir='ltr'>Malbech.</span> <span class='ocrx_word' id='word_1_218' title='bbox 875 2398 940 2429; x_wconf 88' lang='lat' dir='ltr'>Sub</span> <span class='ocrx_word' id='word_1_219' title='bbox 963 2399 1022 2429; x_wconf 83' lang='lat' dir='ltr'>hac</span> <span class='ocrx_word' id='word_1_220' title='bbox 1047 2399 1120 2429; x_wconf 90' lang='lat' dir='ltr'>sede</span> <span class='ocrx_word' id='word_1_221' title='bbox 1261 2372 1426 2457; x_wconf 41' lang='lat' dir='ltr'>{ssggzhs‘</span> <span class='ocrx_word' id='word_1_222' title='bbox 1731 2373 1768 2402; x_wconf 56' lang='lat'>2⁰</span> <span class='ocrx_word' id='word_1_223' title='bbox 1790 2373 1950 2466; x_wconf 51' lang='grc' dir='ltr'>Ξξὲῖἕοῇε</span> 
     </span>
     <span class='ocr_line' id='line_1_37' title="bbox 157 2451 1948 2518; baseline 0 -8"><span class='ocrx_word' id='word_1_224' title='bbox 157 2455 234 2482; x_wconf 61' lang='lat' dir='ltr'>sunt</span> <span class='ocrx_word' id='word_1_225' title='bbox 246 2460 284 2491; x_wconf 69' lang='lat' dir='ltr'>ep</span> <span class='ocrx_word' id='word_1_226' title='bbox 285 2459 371 2490; x_wconf 60' lang='grc' dir='ltr'>180οΡ</span> <span class='ocrx_word' id='word_1_227' title='bbox 373 2455 444 2481; x_wconf 64' lang='lat' dir='ltr'>atus</span> <span class='ocrx_word' id='word_1_228' title='bbox 460 2451 538 2481; x_wconf 73' lang='lat' dir='ltr'>VIII</span> <span class='ocrx_word' id='word_1_229' title='bbox 556 2475 562 2481; x_wconf 81' lang='grc'><em>“</em></span> <span class='ocrx_word' id='word_1_230' title='bbox 1204 2480 1239 2511; x_wconf 91' lang='grc'>10</span> <span class='ocrx_word' id='word_1_231' title='bbox 1260 2479 1431 2510; x_wconf 78' lang='lat' dir='ltr'>Antiochia</span> <span class='ocrx_word' id='word_1_232' title='bbox 1447 2488 1554 2518; x_wconf 83' lang='lat' dir='ltr'>parva.</span> <span class='ocrx_word' id='word_1_233' title='bbox 1789 2480 1948 2510; x_wconf 84' lang='lat' dir='ltr'>Adrazou.</span> 
     </span>
     <span class='ocr_line' id='line_1_38' title="bbox 177 2532 1892 2574; baseline 0 -1"><span class='ocrx_word' id='word_1_234' title='bbox 177 2544 308 2574; x_wconf 86' lang='lat' dir='ltr'>Zeuma.</span> <span class='ocrx_word' id='word_1_235' title='bbox 706 2543 836 2574; x_wconf 83' lang='lat' dir='ltr'>Surron.</span> <span class='ocrx_word' id='word_1_236' title='bbox 1262 2532 1428 2573; x_wconf 67' lang='lat' dir='ltr'>Nephelia·</span> <span class='ocrx_word' id='word_1_237' title='bbox 1791 2533 1892 2564; x_wconf 71' lang='lat' dir='ltr'>MilOi·</span> 
     </span>
    </p>

    <p class='ocr_par' dir='ltr' id='par_1_14' title="bbox 1261 2586 1953 2626">
     <span class='ocr_line' id='line_1_39' title="bbox 1261 2586 1953 2626; baseline 0.001 -10"><span class='ocrx_word' id='word_1_238' title='bbox 1261 2586 1381 2616; x_wconf 83' lang='lat' dir='ltr'>Kistra.</span> <span class='ocrx_word' id='word_1_239' title='bbox 1791 2586 1953 2626; x_wconf 83' lang='lat' dir='ltr'>Neapolis.</span> 
     </span>
    </p>
   </div>
   <div class='ocr_carea' id='block_1_6' title="bbox 118 2728 1122 3054">
    <p class='ocr_par' dir='ltr' id='par_1_15' title="bbox 118 2728 1122 3054">
     <span class='ocr_line' id='line_1_40' title="bbox 118 2728 1121 2764; baseline 0.003 -8"><span class='ocrx_word' id='word_1_240' title='bbox 118 2728 295 2760; x_wconf 80' lang='lat' dir='ltr'>Guillaume,</span> <span class='ocrx_word' id='word_1_241' title='bbox 312 2728 414 2755; x_wconf 76' lang='lat' dir='ltr'>l&#39;ordre</span> <span class='ocrx_word' id='word_1_242' title='bbox 430 2732 475 2755; x_wconf 80' lang='lat' dir='ltr'>est</span> <span class='ocrx_word' id='word_1_243' title='bbox 490 2728 638 2755; x_wconf 81' lang='lat' dir='ltr'>interverti</span> <span class='ocrx_word' id='word_1_244' title='bbox 655 2740 659 2754; x_wconf 91' lang='lat'>:</span> <span class='ocrx_word' id='word_1_245' title='bbox 676 2728 820 2756; x_wconf 83' lang='lat' dir='ltr'>Antioche</span> <span class='ocrx_word' id='word_1_246' title='bbox 837 2738 921 2764; x_wconf 83' lang='lat' dir='ltr'>passe</span> <span class='ocrx_word' id='word_1_247' title='bbox 936 2734 1021 2758; x_wconf 78' lang='lat' dir='ltr'>avant</span> <span class='ocrx_word' id='word_1_248' title='bbox 1033 2732 1121 2759; x_wconf 76' lang='lat' dir='ltr'>Jeru-</span> 
     </span>
     <span class='ocr_line' id='line_1_41' title="bbox 120 2776 1120 2815; baseline 0.004 -11"><span class='ocrx_word' id='word_1_249' title='bbox 120 2777 220 2805; x_wconf 84' lang='lat' dir='ltr'>salem.</span> <span class='ocrx_word' id='word_1_250' title='bbox 237 2776 278 2804; x_wconf 89' lang='lat' dir='ltr'>Ici</span> <span class='ocrx_word' id='word_1_251' title='bbox 290 2799 296 2809; x_wconf 85' lang='lat'>‚</span> <span class='ocrx_word' id='word_1_252' title='bbox 312 2777 338 2803; x_wconf 90' lang='lat' dir='ltr'>le</span> <span class='ocrx_word' id='word_1_253' title='bbox 358 2776 513 2803; x_wconf 82' lang='lat' dir='ltr'>document</span> <span class='ocrx_word' id='word_1_254' title='bbox 533 2776 650 2804; x_wconf 78' lang='lat' dir='ltr'>s‘arrete</span> <span class='ocrx_word' id='word_1_255' title='bbox 665 2778 680 2803; x_wconf 80' lang='lat' dir='ltr'>a</span> <span class='ocrx_word' id='word_1_256' title='bbox 696 2777 721 2803; x_wconf 89' lang='lat' dir='ltr'>la</span> <span class='ocrx_word' id='word_1_257' title='bbox 735 2777 773 2804; x_wconf 88' lang='lat' dir='ltr'>fin</span> <span class='ocrx_word' id='word_1_258' title='bbox 789 2777 823 2804; x_wconf 89' lang='lat' dir='ltr'>de</span> <span class='ocrx_word' id='word_1_259' title='bbox 842 2778 867 2805; x_wconf 84' lang='lat' dir='ltr'>la</span> <span class='ocrx_word' id='word_1_260' title='bbox 884 2779 1034 2807; x_wconf 76' lang='lat' dir='ltr'>neuvieme</span> <span class='ocrx_word' id='word_1_261' title='bbox 1053 2789 1120 2815; x_wconf 81' lang='lat' dir='ltr'>pro-</span> 
     </span>
     <span class='ocr_line' id='line_1_42' title="bbox 119 2825 1120 2863; baseline 0.004 -11"><span class='ocrx_word' id='word_1_262' title='bbox 119 2825 220 2858; x_wconf 82' lang='lat' dir='ltr'>vince,</span> <span class='ocrx_word' id='word_1_263' title='bbox 241 2825 336 2852; x_wconf 74' lang='lat' dir='ltr'>tendis</span> <span class='ocrx_word' id='word_1_264' title='bbox 353 2833 409 2860; x_wconf 87' lang='lat' dir='ltr'>que</span> <span class='ocrx_word' id='word_1_265' title='bbox 429 2825 500 2852; x_wconf 86' lang='lat' dir='ltr'>dans</span> <span class='ocrx_word' id='word_1_266' title='bbox 521 2826 563 2852; x_wconf 88' lang='lat' dir='ltr'>les</span> <span class='ocrx_word' id='word_1_267' title='bbox 583 2833 654 2853; x_wconf 84' lang='lat' dir='ltr'>mss.</span> <span class='ocrx_word' id='word_1_268' title='bbox 671 2825 705 2852; x_wconf 88' lang='lat' dir='ltr'>de</span> <span class='ocrx_word' id='word_1_269' title='bbox 725 2826 886 2854; x_wconf 79' lang='lat' dir='ltr'>Guillaume</span> <span class='ocrx_word' id='word_1_270' title='bbox 907 2827 941 2854; x_wconf 91' lang='lat' dir='ltr'>de</span> <span class='ocrx_word' id='word_1_271' title='bbox 961 2828 1028 2863; x_wconf 73' lang='lat' dir='ltr'>Tyr,</span> <span class='ocrx_word' id='word_1_272' title='bbox 1045 2829 1062 2855; x_wconf 91' lang='lat' dir='ltr'>il</span> <span class='ocrx_word' id='word_1_273' title='bbox 1079 2830 1120 2856; x_wconf 83' lang='lat' dir='ltr'>les</span> 
     </span>
     <span class='ocr_line' id='line_1_43' title="bbox 118 2873 1122 2911; baseline 0.004 -10"><span class='ocrx_word' id='word_1_274' title='bbox 118 2873 275 2910; x_wconf 81' lang='lat' dir='ltr'>comprend</span> <span class='ocrx_word' id='word_1_275' title='bbox 292 2878 387 2900; x_wconf 80' lang='lat' dir='ltr'>toutes</span> <span class='ocrx_word' id='word_1_276' title='bbox 406 2873 448 2900; x_wconf 87' lang='lat' dir='ltr'>les</span> <span class='ocrx_word' id='word_1_277' title='bbox 468 2874 570 2906; x_wconf 77' lang='lat' dir='ltr'>treize,</span> <span class='ocrx_word' id='word_1_278' title='bbox 593 2882 661 2900; x_wconf 80' lang='lat' dir='ltr'>avec</span> <span class='ocrx_word' id='word_1_279' title='bbox 682 2874 707 2900; x_wconf 85' lang='lat' dir='ltr'>la</span> <span class='ocrx_word' id='word_1_280' title='bbox 728 2875 792 2900; x_wconf 78' lang='lat' dir='ltr'>liste</span> <span class='ocrx_word' id='word_1_281' title='bbox 808 2875 858 2902; x_wconf 88' lang='lat' dir='ltr'>des</span> <span class='ocrx_word' id='word_1_282' title='bbox 874 2878 1077 2911; x_wconf 77' lang='lat' dir='ltr'>autocephales</span> <span class='ocrx_word' id='word_1_283' title='bbox 1093 2882 1122 2905; x_wconf 81' lang='lat' dir='ltr'>et</span> 
     </span>
     <span class='ocr_line' id='line_1_44' title="bbox 120 2922 1119 2958; baseline 0.005 -9"><span class='ocrx_word' id='word_1_284' title='bbox 120 2923 172 2949; x_wconf 86' lang='lat' dir='ltr'>des</span> <span class='ocrx_word' id='word_1_285' title='bbox 193 2923 317 2949; x_wconf 81' lang='lat' dir='ltr'>eveches</span> <span class='ocrx_word' id='word_1_286' title='bbox 341 2922 557 2949; x_wconf 77' lang='lat' dir='ltr'>suburbicaires</span> <span class='ocrx_word' id='word_1_287' title='bbox 581 2923 761 2950; x_wconf 79' lang='lat' dir='ltr'>d’Antioclie.</span> <span class='ocrx_word' id='word_1_288' title='bbox 787 2923 823 2950; x_wconf 79' lang='lat' dir='ltr'>M.</span> <span class='ocrx_word' id='word_1_289' title='bbox 851 2924 960 2955; x_wconf 83' lang='lat' dir='ltr'>Gelzer,</span> <span class='ocrx_word' id='word_1_290' title='bbox 987 2926 1036 2954; x_wconf 77' lang='lat' dir='ltr'>loc.</span> <span class='ocrx_word' id='word_1_291' title='bbox 1061 2928 1119 2958; x_wconf 68' lang='lat' dir='ltr'>cit„</span> 
     </span>
     <span class='ocr_line' id='line_1_45' title="bbox 122 2970 1119 3007; baseline 0.003 -8"><span class='ocrx_word' id='word_1_292' title='bbox 122 2981 150 3007; x_wconf 87' lang='lat' dir='ltr'>p.</span> <span class='ocrx_word' id='word_1_293' title='bbox 168 2972 218 2998; x_wconf 74' lang='lat'>277</span> <span class='ocrx_word' id='word_1_294' title='bbox 231 2975 260 2998; x_wconf 81' lang='lat' dir='ltr'>et</span> <span class='ocrx_word' id='word_1_295' title='bbox 274 2972 362 3003; x_wconf 59' lang='lat' dir='ltr'>suiv„</span> <span class='ocrx_word' id='word_1_296' title='bbox 374 2980 390 2997; x_wconf 89' lang='lat' dir='ltr'>a</span> <span class='ocrx_word' id='word_1_297' title='bbox 405 2973 513 3006; x_wconf 84' lang='lat' dir='ltr'>prouve</span> <span class='ocrx_word' id='word_1_298' title='bbox 523 2979 578 3005; x_wconf 90' lang='lat' dir='ltr'>que</span> <span class='ocrx_word' id='word_1_299' title='bbox 590 2979 622 2997; x_wconf 90' lang='lat' dir='ltr'>ce</span> <span class='ocrx_word' id='word_1_300' title='bbox 633 2970 796 3003; x_wconf 79' lang='lat' dir='ltr'>document,</span> <span class='ocrx_word' id='word_1_301' title='bbox 811 2972 882 2999; x_wconf 85' lang='lat' dir='ltr'>dans</span> <span class='ocrx_word' id='word_1_302' title='bbox 895 2981 946 2999; x_wconf 89' lang='lat' dir='ltr'>son</span> <span class='ocrx_word' id='word_1_303' title='bbox 963 2975 1119 3007; x_wconf 88' lang='lat' dir='ltr'>ensemble,</span> 
     </span>
     <span class='ocr_line' id='line_1_46' title="bbox 120 3019 1028 3054; baseline 0.003 -7"><span class='ocrx_word' id='word_1_304' title='bbox 120 3025 248 3047; x_wconf 84' lang='lat' dir='ltr'>remonte</span> <span class='ocrx_word' id='word_1_305' title='bbox 264 3022 279 3046; x_wconf 74' lang='lat' dir='ltr'>a</span> <span class='ocrx_word' id='word_1_306' title='bbox 295 3020 320 3046; x_wconf 84' lang='lat' dir='ltr'>la</span> <span class='ocrx_word' id='word_1_307' title='bbox 337 3019 451 3054; x_wconf 67' lang='lat' dir='ltr'>pei-jode</span> <span class='ocrx_word' id='word_1_308' title='bbox 466 3020 626 3046; x_wconf 74' lang='lat' dir='ltr'>anterieure</span> <span class='ocrx_word' id='word_1_309' title='bbox 642 3021 656 3046; x_wconf 70' lang='lat' dir='ltr'>a</span> <span class='ocrx_word' id='word_1_310' title='bbox 672 3020 820 3046; x_wconf 81' lang='lat' dir='ltr'>l&#39;invasion</span> <span class='ocrx_word' id='word_1_311' title='bbox 840 3023 1028 3050; x_wconf 83' lang='lat' dir='ltr'>musulmane.</span> 
     </span>
    </p>
   </div>
   <div class='ocr_carea' id='block_1_7' title="bbox 1226 690 1544 728">
    <p class='ocr_par' dir='ltr' id='par_1_16' title="bbox 1226 690 1544 728">
     <span class='ocr_line' id='line_1_47' title="bbox 1226 690 1544 728; baseline 0.006 -9"><span class='ocrx_word' id='word_1_312' title='bbox 1226 690 1422 728; x_wconf 83' lang='lat' dir='ltr'>episcopatus</span> <span class='ocrx_word' id='word_1_313' title='bbox 1439 690 1520 721; x_wconf 88' lang='lat' dir='ltr'>XIX</span> <span class='ocrx_word' id='word_1_314' title='bbox 1538 701 1544 720; x_wconf 91' lang='lat'>:</span> 
     </span>
    </p>
   </div>
   <div class='ocr_carea' id='block_1_8' title="bbox 1202 2692 2203 2734">
    <p class='ocr_par' dir='ltr' id='par_1_17' title="bbox 1202 2692 2203 2734">
     <span class='ocr_line' id='line_1_48' title="bbox 1202 2692 2203 2734; baseline 0.004 -13"><span class='ocrx_word' id='word_1_315' title='bbox 1202 2692 1298 2722; x_wconf 88' lang='lat' dir='ltr'>Sedes</span> <span class='ocrx_word' id='word_1_316' title='bbox 1311 2700 1394 2722; x_wconf 85' lang='lat' dir='ltr'>nona</span> <span class='ocrx_word' id='word_1_317' title='bbox 1403 2695 1415 2712; x_wconf 79' lang='lat'><strong>²</strong></span> <span class='ocrx_word' id='word_1_318' title='bbox 1428 2692 1612 2723; x_wconf 88' lang='lat' dir='ltr'>Damascus.</span> <span class='ocrx_word' id='word_1_319' title='bbox 1629 2692 1694 2723; x_wconf 88' lang='lat' dir='ltr'>Sub</span> <span class='ocrx_word' id='word_1_320' title='bbox 1706 2692 1765 2723; x_wconf 88' lang='lat' dir='ltr'>hac</span> <span class='ocrx_word' id='word_1_321' title='bbox 1776 2693 1849 2723; x_wconf 87' lang='lat' dir='ltr'>sede</span> <span class='ocrx_word' id='word_1_322' title='bbox 1860 2699 1935 2723; x_wconf 86' lang='lat' dir='ltr'>sunt</span> <span class='ocrx_word' id='word_1_323' title='bbox 1946 2695 2143 2734; x_wconf 85' lang='lat' dir='ltr'>episcopatus</span> <span class='ocrx_word' id='word_1_324' title='bbox 2154 2695 2203 2725; x_wconf 72' lang='lat' dir='ltr'>X:</span> 
     </span>
    </p>
   </div>
   <div class='ocr_carea' id='block_1_9' title="bbox 1260 2791 1348 2821">
    <p class='ocr_par' dir='ltr' id='par_1_18' title="bbox 1260 2791 1348 2821">
     <span class='ocr_line' id='line_1_49' title="bbox 1260 2791 1348 2821; baseline -0.011 0"><span class='ocrx_word' id='word_1_325' title='bbox 1260 2791 1348 2821; x_wconf 89' lang='lat' dir='ltr'>Abli.</span> 
     </span>
    </p>
   </div>
   <div class='ocr_carea' id='block_1_10' title="bbox 1240 2976 1591 3053">
    <p class='ocr_par' dir='ltr' id='par_1_19' title="bbox 1240 2976 1591 3053">
     <span class='ocr_line' id='line_1_50' title="bbox 1244 2976 1591 3004; baseline 0 -1"><span class='ocrx_word' id='word_1_326' title='bbox 1244 2978 1266 3003; x_wconf 92' lang='lat'>1.</span> <span class='ocrx_word' id='word_1_327' title='bbox 1285 2978 1347 3004; x_wconf 78' lang='lat' dir='ltr'>cod.</span> <span class='ocrx_word' id='word_1_328' title='bbox 1368 2976 1591 3004; x_wconf 78' lang='lat' dir='ltr'>Neorecaserea.</span> 
     </span>
     <span class='ocr_line' id='line_1_51' title="bbox 1240 3026 1449 3053; baseline -0.005 -1"><span class='ocrx_word' id='word_1_329' title='bbox 1240 3026 1266 3052; x_wconf 70' lang='lat'>⁶2.</span> <span class='ocrx_word' id='word_1_330' title='bbox 1286 3026 1348 3053; x_wconf 82' lang='lat' dir='ltr'>Cod.</span> <span class='ocrx_word' id='word_1_331' title='bbox 1368 3034 1449 3052; x_wconf 86' lang='lat' dir='ltr'>nova.</span> 
     </span>
    </p>
   </div>
   <div class='ocr_carea' id='block_1_11' title="bbox 1793 2793 1961 2832">
    <p class='ocr_par' dir='ltr' id='par_1_20' title="bbox 1793 2793 1961 2832">
     <span class='ocr_line' id='line_1_52' title="bbox 1793 2793 1961 2832; baseline 0.006 -10"><span class='ocrx_word' id='word_1_332' title='bbox 1793 2793 1961 2832; x_wconf 87' lang='lat' dir='ltr'>Pamipon.</span> 
     </span>
    </p>
   </div>
  </div>
 </body>
</html>
