2455 3560
634 340 684 370 LE
707 340 851 370 LIBER
873 339 1105 370 CENSUUM
1129 340 1182 370 DE
1205 331 1390 371 L'IiGLISE
1413 340 1620 372 ROMAINE.
2127 344 2169 375 37

134 409 234 436 castra
250 406 317 444 ipsa
333 406 539 436 vendideritis
558 405 606 436 vel
624 407 656 435 in
670 415 748 445 quos
763 406 842 436 alias
859 406 1084 443 alienaveritis,

134 459 167 488 in
186 463 298 497 quarta
320 459 480 489 dominica
497 458 746 496 Quadragesime
767 459 910 498 quinque
932 459 1086 489 bisantios

134 520 245 541 aureos
277 512 369 542 nobis
399 516 429 542 et
463 512 611 551 predictis
645 513 760 542 nostris
787 512 1019 542 successoribus
1050 512 1084 540 in

1206 407 1333 445 signum
1350 407 1486 436 dominii
1501 408 1594 437 annis
1611 409 1746 447 singulis
1762 409 1955 447 persolvetis.
1973 410 2063 440 Nulli
2083 420 2160 449 ergo

1205 459 1336 489 omuino
1358 459 1526 489 hominum
1550 465 1607 491 etc.
1635 462 1666 491 Si
1694 462 1766 500 quis
1789 466 1895 492 autem
1916 467 1973 492 etc.
2003 463 2073 494 Dat.
2099 464 2159 493 Pe-

1206 512 1295 547 rusii,
1310 511 1369 541 Vll
1382 511 1445 542 kal.
1463 514 1592 550 octobr.,
1608 515 1809 552 pontificatus
1827 516 1923 546 nostri
1939 524 2024 546 anno
2040 516 2157 554 primo.

93 680 131 714 7⁰
157 678 313 714 Remeat
339 679 384 715 de
403 679 532 727 piceas
559 679 725 715 diverses
754 681 897 723 (cahier
925 681 988 719 39,
1020 680 1046 713 f.
1075 680 1142 714 307
1173 684 1207 714 et
1235 679 1365 721 suiv.).

578 831 604 861 1.

173 930 210 959 In
227 930 375 960 1101111115ι
392 930 540 967 Domini,
556 938 661 959 amen.
678 930 743 959 Nos
759 929 962 959 miseratione
980 929 1089 959 divina

134 983 292 1013 Radulfus
331 982 526 1012 Albanensis
561 984 745 1021 episcopus,
782 982 964 1012 Ancherius
1007 981 1088 1012 tituli

133 1041 239 1065 sancte
262 1035 413 1065 Praxedis
438 1035 617 1074 presbyter,
638 1035 811 1065 Riccardus
831 1036 930 1064 sancti
951 1035 1086 1073 Angeli,

133 1088 322 1118 Gottisridus
345 1088 446 1118 sancti
474 1088 606 1126 Georgii
627 1088 667 1117 ad
684 1088 796 1118 Velum
815 1097 947 1117 aureum
969 1093 999 1117 et
1020 1089 1087 1118 Ma-

135 1141 228 1171 theus
246 1145 353 1171 sancte
370 1141 470 1170 Marie
486 1141 518 1170 in
537 1141 664 1171 Porticu
682 1140 806 1171 diaconi
820 1141 1015 1178 cardinales,
1034 1150 1088 1179 per

134 1204 263 1233 presens
287 1195 439 1233 scriptum
463 1198 573 1224 notum
594 1194 728 1224 facimus
752 1194 912 1224 universis
936 1199 997 1224 tam
1017 1204 1088 1233 pre-

133 1248 275 1278 sentibus
300 1257 395 1286 quam
424 1248 539 1278 futuris
566 1248 649 1286 quod
677 1257 694 1277 a
719 1248 919 1278 sanctissimo
947 1253 1032 1286 patre
1059 1253 1089 1278 et

132 1301 262 1330 domino
290 1306 396 1331 nostro
423 1300 588 1331 Clemente
611 1309 688 1339 papa
711 1301 776 1330 1111
797 1301 917 1330 litteras
938 1300 1088 1339 plumbea

133 1353 220 1383 bulla
236 1354 375 1383 munitas
390 1353 580 1392 recepimus,
597 1354 631 1383 in
649 1353 707 1383 hac
725 1354 825 1383 forma
843 1366 849 1382 :

175 1418 188 1433 «
208 1406 356 1436 Clemens
368 1409 380 1426 2
393 1407 559 1444 episcopus
575 1415 685 1435 servus
703 1415 865 1436 servorum
884 1407 942 1436 Dei
958 1415 1089 1437 venera-

134 1459 191 1489 bili
208 1459 300 1488 fratri
324 1464 429 1489 nostro
449 1459 593 1498 episcopo
614 1459 790 1488 Albauensi
814 1463 843 1488 et
864 1459 988 1489 dilectis
1011 1459 1088 1489 filiis

133 1513 174 1542 A.
188 1512 274 1541 tituli
291 1516 398 1542 sancte
412 1512 562 1541 Praxedis
576 1512 771 1550 presbytero,
790 1512 827 1541 R.
845 1512 946 1542 sancti
958 1512 1086 1550 Angeli,

134 1565 173 1595 G.
200 1565 299 1594 sancti
326 1564 457 1602 Georgii
477 1565 515 1594 ad
538 1564 651 1594 Velum
679 1573 824 1600 aureum,
854 1569 883 1593 et
911 1565 953 1594 M.
982 1569 1088 1595 sancte

137 1618 236 1648 Mai-ie
266 1618 299 1647 in
332 1618 456 1647 Porticu
484 1618 625 1647 diaconis
652 1617 867 1647 cardinalibus
897 1619 1030 1648 salutem
1060 1622 1089 1648 et

133 1671 336 1711 apostoticam
364 1671 631 1701 benedictionem.
658 1672 723 1700 Rex
750 1681 858 1709 regum
885 1676 914 1701 et
939 1671 1088 1701 dominus

135 1724 372 1754 dominantium
390 1724 449 1754 Dei
465 1724 708 1754 clementissimi
727 1724 814 1753 filius
830 1725 923 1754 Jesus
943 1724 1089 1755 Christus

133 1777 255 1807 honore
268 1776 434 1815 multiplici
453 1777 593 1814 reginam
610 1776 834 1815 presulgidam,
851 1782 990 1807 sanctam
1005 1778 1088 1807 vide-

134 1830 206 1859 licet
225 1830 394 1859 Ecclesiam
421 1839 567 1867 sponsam
593 1839 682 1859 suam
711 1839 803 1868 quam
831 1830 891 1859 sihi
917 1830 1090 1860 clementer

134 1882 339 1921 inseparabili
365 1883 470 1912 sedere
499 1882 653 1920 conjungi
676 1882 776 1912 voluit
798 1883 836 1912 de
859 1893 915 1912 503
941 1883 1089 1913 ineiabili

132 1934 302 1965 clementia
326 1935 512 1972 insignivit,
533 1935 587 1964 sed
612 1935 645 1964 in
672 1943 707 1964 eo
731 1935 893 1973 potissime
914 1937 1013 1974 ipsam
1032 1936 1089 1966 ho-

134 1989 309 2018 norabilem
347 1994 376 2017 et
408 1988 492 2018 felici
522 1988 659 2018 reddidit
688 1992 766 2017 statu
801 1988 974 2025 fulgentem
1006 1989 1088 2027 quod

134 2042 237 2072 eidem
256 2046 373 2071 tantam
392 2042 503 2072 tribuit
522 2041 751 2081 plenitudinem
771 2043 947 2080 potestatis,
970 2047 1090 2081 011151-

134 2095 222 2125 sonis
241 2099 498 2133 quamtacunque
517 2095 749 2133 sollempnitate
772 2095 949 2133 conspicuis
970 2096 1003 2124 in
1026 2095 1090 2125 hiis

135 2147 232 2186 possit
255 2147 364 2177 adesse
390 2147 558 2185 magnifice
586 2156 641 2185 per
666 2156 728 2185 que
755 2147 822 2186 ipse
846 2146 923 2176 clari
948 2148 1089 2178 nominis

133 2200 261 2229 titulum
273 2205 303 2229 et
314 2200 433 2230 famose
445 2203 681 2238 consequantur
694 2200 830 2238 potentie
839 2200 1086 2230 incrementum.

135 2255 218 2283 53115
233 2253 443 2291 contemplari
456 2253 634 2283 clarissima
649 2252 763 2282 merita
779 2261 855 2291 pure
869 2253 1044 2283 devotionis
1061 2258 1090 2283 et

136 2306 210 2335 fidei
225 2306 340 2344 quibus
362 2305 472 2335 inclite
495 2305 722 2335 recordationis
744 2314 834 2343 reges
855 2305 988 2335 Francie
1006 2307 1091 2336 inter

134 2358 306 2389 catholicos
322 2362 496 2388 noscuntur
515 2358 627 2388 mundi
646 2358 803 2396 principes
819 2357 980 2395 claruisse,
998 2359 1089 2389 nobis

134 2414 164 2441 et
188 2411 291 2441 eidem
319 2411 456 2441 Ecclesie
479 2410 700 2450 spiritualium
723 2410 865 2449 producit
891 2411 1088 2440 affluentiam

134 2465 346 2503 gaudiorum;
376 2469 499 2503 propter
525 2464 609 2503 quod
633 2464 758 2494 fervens
786 2463 820 2492 in
848 2468 954 2493 mente
983 2469 1090 2494 nostra

134 2518 301 2555 consurgit
311 2518 433 2548 affectio
446 2522 480 2547 ut
491 2526 565 2555 erga
576 2517 791 2547 clarissimum
804 2517 837 2546 in
847 2516 973 2547 Christo
984 2517 1088 2547 filium

136 2575 278 2600 nostrum
312 2570 467 2600 Karolum
498 2570 654 2600 illustrem
686 2578 793 2607 regem
829 2569 936 2599 Sicilie
964 2570 1019 2608 qui
1050 2569 1095 2600 de'

135 2623 264 2653 illorum
284 2623 451 2653 benedicta
471 2622 620 2662 progenie
639 2621 815 2651 dinoscitur
829 2623 1028 2660 processisse,
1044 2623 1089 2653 510

134 2809 158 2835 1.
175 2808 190 2835 6
203 2809 315 2843 janvier
331 2807 409 2835 1‘266.
423 2822 456 2826 —
470 2807 524 2834 Les
539 2808 602 2841 cinq
617 2806 771 2833 cardinaux
784 2806 904 2841 deputes
918 2816 953 2834 au
969 2815 1089 2834 00111011-

98 2861 212 2883 nement
225 2856 259 2882 de
275 2856 392 2883 Chai-les
407 2855 533 2890 d’Anjou
547 2855 586 2881 lui
599 2854 739 2881 detivrent
753 2863 806 2881 une
819 2855 916 2882 charte
929 2859 1090 2883 constatant

97 2905 384 2940 l'accomplissement
404 2904 438 2931 de
458 2908 532 2931 cette
554 2904 724 2936 0515010015,
742 2912 777 2930 511
793 2908 872 2931 vei-tu
888 2904 939 2932 des
955 2906 1090 2939 pouvoirs

95 2962 181 2989 recus
196 2954 234 2980 du
250 2962 321 2989 pape
336 2952 465 2980 Clement
479 2952 518 2979 IV
538 2956 566 2979 et
579 2953 667 2987 [apres
689 2956 815 2978 serment
835 2953 914 2987 prete
931 2961 980 2987 par
996 2954 1020 2980 le
1036 2953 1088 2980 roi.

131 3003 157 3030 2.
177 3002 316 3033 Potthast,
336 3001 431 3029 19495.

1211 835 1317 860 nostra
1332 834 1361 860 et
1375 831 1474 869 ipsius
1486 831 1625 862 Ecclesie
1638 832 1800 863 habundet
1811 835 1911 871 gratia
1922 844 2018 873 penes
2028 836 2159 867 devotos

1209 884 1336 913 affluere
1352 883 1568 922 multipliciter
1583 891 1740 922 consueta,
1760 890 1793 915 ut
1808 887 1862 925 qui
1876 888 1936 917 sibi
1950 897 2084 926 regnum
2106 888 2160 920 Si-

1209 936 1282 966 cilie
1291 937 1328 965 ad
1344 945 1399 966 nos
1408 937 1579 966 eteandem
1591 938 1754 968 ecclesiam
1767 940 1928 977 pertinens
1941 940 2068 970 dextera
2081 941 2159 971 libe-

1209 989 1268 1018 rali
1281 989 1486 1026 contulimus,
1501 999 1665 1028 personam
1675 1001 1764 1021 suam
1775 991 1860 1021 illius
1873 993 1988 1023 favoris
1999 993 2160 1024 affluentia

1208 1050 1438 1081 prosequamur
1464 1052 1520 1081 per
1541 1052 1635 1081 quem
1659 1044 1786 1074 honoris
1808 1046 1992 1082 magnitudo
2014 1046 2074 1076 sibi
2095 1047 2159 1077 Do-

1209 1095 1297 1125 mino
1314 1099 1475 1125 annuente
1500 1097 1663 1134 proveniat
1684 1101 1713 1126 et
1729 1097 1830 1127 votive
1849 1098 1979 1128 materia
2000 1099 2162 1138 prosperi—

1209 1149 1279 1178 tatis
1295 1152 1460 1178 accrescat.
1473 1149 1555 1185 Quid
1567 1150 1654 1179 enim
1668 1150 1841 1180 secundum
1857 1151 1960 1181 Deum
1974 1152 2008 1181 in
2020 1161 2094 1190 rege
2108 1152 2158 1182 de-

1208 1201 1372 1231 votissimo
1387 1203 1551 1240 queritur?
1568 1202 1655 1232 Fidei
1673 1202 1920 1239 firmamentum,
1932 1205 2055 1243 justitie
2072 1205 2158 1236 zelus

1209 1258 1239 1283 et
1261 1255 1421 1284 affluentia
1446 1255 1578 1293 pietatis.
1599 1256 1682 1292 Quid
1704 1257 1789 1286 circa
1806 1257 1958 1287 secularia
1976 1258 2043 1288 laus
2068 1267 2157 1289 com-

1209 1307 1338 1336 mendat
1354 1308 1515 1338 humana?
1533 1309 1650 1347 Utique
1665 1310 1892 1346 affabilitatem,
1905 1311 2091 1341 benevolam
2103 1313 2161 1342 be-

1210 1360 1373 1390 nificiente
1391 1361 1524 1398 gratiam
1540 1366 1570 1391 et
1591 1363 1777 1401 perspicacis
1800 1363 1995 1401 providentie
2011 1365 2163 1402 majesta-

1211 1417 1284 1442 tem.
1310 1414 1376 1443 Hec
1398 1415 1532 1452 profecto
1549 1415 1582 1444 in
1605 1415 1716 1445 eodem
1739 1425 1812 1453 rege
1834 1417 2046 1455 comperimus
2073 1421 2102 1447 et
2123 1427 2161 1448 ex

1208 1466 1272 1495 hiis
1290 1466 1346 1496 illa
1359 1466 1486 1497 dilectio
1501 1468 1645 1506 provenit
1661 1477 1756 1506 quam
1775 1470 1840 1507 ipse
1861 1469 1943 1508 apud
1965 1469 2161 1508 largitorem-

1208 1519 1355 1549 omuium
1370 1520 1543 1557 gratiarum
1558 1521 1617 1550 sihi
1633 1521 1726 1551 velud
1743 1522 1834 1551 heres
1846 1522 2072 1553 dilectissimus
2084 1532 2163 1553 ven-

1208 1571 1334 1602 dicavit.
1352 1573 1526 1602 Pensantes
1544 1573 1642 1611 igitur
1657 1574 1739 1613 quod
1755 1574 1916 1605 extollitur
1934 1575 2034 1606 honor
2051 1576 2164 1606 matris

1210 1625 1349 1654 Ecclesie
1363 1630 1393 1655 et
1410 1625 1462 1655 tali
1478 1635 1495 1655 a
1511 1627 1576 1656 suis
1592 1626 1743 1657 uberibus
1757 1627 1823 1657 filio
1837 1628 2044 1668 dependente,
2057 1629 2161 1668 quod-

1208 1688 1270 1716 que
1283 1678 1334 1707 sui
1351 1682 1448 1708 status
1461 1680 1676 1717 preminentia
1693 1681 1727 1710 in
1745 1685 1885 1711 materne
1900 1682 1982 1711 cedit
1995 1682 2161 1713 exaltatio-

1210 1731 1260 1760 nis
1273 1737 1493 1769 augmeutum,
1503 1742 1573 1762 eum
1585 1733 1669 1762 intra
1678 1734 1840 1772 precordia
1849 1739 1954 1764 nostra
1963 1736 2162 1774 suscepimus

1210 1784 1319 1815 adhoc
1333 1785 1489 1824 precipuis
1503 1789 1508 1805 ¹
1527 1786 1640 1816 studiis
1657 1787 1857 1817 intendentes
1869 1792 1900 1817 ut
1913 1788 2026 1826 regalis
2039 1789 2163 1826 magni-

1213 1838 1340 1867 ficentia
1365 1838 1515 1868 culminis
1546 1839 1692 1869 felicibus
1718 1840 1862 1878 auspitiis
1889 1840 2051 1871 exaltetur.
2076 1842 2161 1877 Quia

1210 1901 1284 1922 vero
1309 1893 1412 1921 dictus
1434 1902 1485 1922 rex
1508 1893 1614 1922 Sicilie
1632 1903 1649 1922 a
1670 1894 1760 1923 nobis
1779 1894 1971 1924 confidentia
1988 1895 2162 1933 postulavit

1212 1949 1245 1974 ut
1266 1954 1337 1974 cum
1359 1945 1425 1983 ipse
1447 1945 1568 1975 dictum
1587 1955 1721 1983 regnum
1736 1947 1814 1985 jam,
1828 1951 1991 1977 annuente
2007 1947 2073 1977 Deo
2090 1957 2162 1986 pre-

1211 1998 1324 2036 vioque
1337 1999 1475 2036 salu[ti]s
1488 1999 1600 2036 angelo
1615 1999 1654 2028 ad
1668 2000 1737 2035 1100,
1755 2001 1874 2030 intrare
1889 2001 1921 2029 in
1935 2009 2031 2030 mauu
2041 2001 2165 2039 potenti

1211 2055 1240 2080 et
1258 2051 1387 2081 brachio
1403 2051 1547 2081 intendat
1560 2056 1695 2089 extento,
1710 2053 1793 2091 quod
1805 2053 1898 2083 velud
1913 2053 2032 2083 athleta
2047 2054 2166 2084 Christi

1211 2108 1358 2133 strenuus
1375 2105 1480 2134 hostes
1493 2113 1566 2134 suos
1582 2109 1793 2143 persecutores
1808 2106 1881 2135 fidei
1895 2106 2009 2137 exinde
2020 2110 2167 2145 potenter

1210 2156 1318 2192 eiciat,
1338 2165 1374 2186 ac
1391 2157 1512 2186 ibidem
1532 2166 1644 2195 agrum
1664 2159 1862 2188 dominicum
1878 2159 2038 2197 spurcitiis
2054 2160 2166 2190 Sarra-

1211 2217 1362 2239 cenorum
1374 2215 1534 2248 expurget,
1549 2211 1697 2240 ecclesias
1708 2220 1832 2250 (100(105
1845 2220 1880 2242 30
1892 2221 2042 2250 personas
2056 2222 2166 2243 earum

1210 2261 1349 2291 libertati
1367 2263 1520 2299 restituat,
1538 2267 1572 2292 ut
1589 2272 1640 2293 eos
1658 2264 1713 2302 (101
1729 2268 1803 2293 sunt
1819 2263 1926 2294 exules
1942 2264 2074 2295 ecclesie
2098 2274 2167 2295 me-

1210 2319 1329 2344 morate
1350 2320 1492 2353 pretextu
1515 2315 1645 2345 reducat
1665 2316 1704 2345 ad
1727 2317 1866 2355 propria,
1885 2326 2008 2348 necnon
2032 2318 2089 2348 Dei
2108 2327 2163 2357 po-

1210 2367 1321 2406 pulum
1340 2367 1374 2396 in
1391 2376 1489 2406 regno
1506 2369 1714 2399 constitutum
1732 2369 1841 2399 eodem
1859 2378 1878 2399 a
1895 2370 2043 2408 compede
2062 2370 2165 2400 servi-

1210 2421 1285 2450 tutis
1309 2429 1372 2460 quo
1397 2421 1490 2450 illum
1513 2421 1591 2451 alter
1614 2421 1738 2452 Pharao
1762 2422 1815 2452 diu
1839 2422 1978 2452 detinuit
1998 2423 2164 2461 alligatum

1211 2481 1337 2511 prorsus
1353 2473 1505 2511 absolvat,
1520 2474 1583 2504 sibi
1600 2479 1630 2504 et
1645 2475 1808 2505 carissime
1826 2475 1861 2504 in
1880 2474 2005 2506 Christo
2019 2480 2166 2506 nostre...

1209 2525 1328 2555 illustri
1354 2527 1463 2564 regine
1484 2527 1574 2557 uxori
1595 2536 1650 2557 sue
1678 2527 1857 2557 diademata
1878 2528 2001 2566 imponi
2025 2529 2114 2566 regia
2136 2532 2168 2559 et

1209 2579 1336 2608 eosdem
1354 2588 1440 2609 more
1456 2579 1571 2618 inungi
1587 2580 1692 2610 debito
1709 2580 1896 2611 faceremus.
1916 2581 1981 2611 Nos
2000 2581 2039 2611 de
2064 2586 2167 2612 vestra

1210 2632 1496 2670 circumspectione
1511 2641 1547 2662 ac
1562 2632 1721 2662 industria
1736 2633 1863 2671 probata
1875 2633 2001 2671 confisi,
2012 2643 2067 2664 vos
2080 2634 2168 2664 velut

1210 2684 1292 2714 viros
1308 2688 1449 2715 sensatos
1464 2689 1493 2714 et
1509 2685 1653 2723 providos
1669 2686 1826 2715 virtutum
1848 2685 2056 2716 multitudine
2079 2686 2167 2716 redi-

1209 2737 1302 2767 mitos
1315 2737 1350 2766 in
1362 2737 1471 2767 arduis
1479 2738 1642 2776 etmagnis
1654 2743 1795 2777 expertos
1804 2747 1839 2768 ac
1852 2739 2053 2769 honorabilia
2063 2739 2164 2770 immo

1210 2790 1358 2828 precipua
1375 2790 1518 2820 membra
1537 2790 1675 2821 Ecclesie
1691 2791 1731 2820 ad
1747 2791 1963 2829 peragendum
1980 2791 2169 2831 hujusmodi.

1209 2843 1420 2873 coronationis
1442 2848 1471 2873 et
1491 2843 1689 2874 inunctionis
1712 2843 1902 2883 sollempnia
1916 2844 2065 2875 duximus
2081 2845 2170 2875 fidu-

1207 3002 1231 3027 1.
1249 3001 1313 3029 Coti.
1330 3001 1514 3036 precipimus.
