2423 3540
199 345 251 374 126
1139 337 1340 367 ALBINUS.

238 411 295 448 rio)
312 410 427 439 comite
446 409 604 439 Ecclesiae
623 409 692 437 data
711 412 795 443 sunt,
817 417 870 445 per
888 412 916 436 te
936 406 1119 435 nullatenus
1136 404 1198 433 mi-
1237 412 1242 427 ·

237 467 392 495 nuantur,
418 467 463 491 set
483 462 586 500 potins
607 465 796 497 augeantur.
817 459 888 489 Noli
911 459 1011 488 Deum
1031 456 1197 496 precedere

235 521 280 544 set
297 515 451 553 sequaris.
471 514 544 551 quia
561 523 596 542 eo
615 514 694 541 duce
709 521 769 541 non
788 511 929 541 otiendes
944 516 989 540 set
1006 511 1069 540 vite
1085 509 1195 538 lumen

235 568 374 597 habebis.
405 568 468 596 Hec
493 567 547 595 tibi
573 571 736 604 tamqnam
761 565 826 594 tilio
850 565 1020 593 karissimo
1047 563 1193 601 precipio,

234 621 289 649 hec
307 628 436 655 moneo:r
454 620 478 648 si
498 624 529 647 nt
546 619 681 657 spondes
697 618 856 647 obedieris
872 622 900 646 et
915 615 1191 654 obtemperaveris,

234 678 318 702 tuam
347 673 483 711 profecto
510 672 645 701 salutem
674 671 954 709 obtempcraberis
985 669 1196 707 Omnipotens

233 726 392 755 Dominus
417 734 474 754 suo
495 729 521 753 te
538 725 736 762 beneplacito
755 724 892 761 dirigat,
916 728 1079 752 conservet
1103 726 1195 760 atque

231 778 395 807 custodiat.
420 779 532 807 Datum
552 778 700 814 Anagnie
719 777 781 806 kat.
802 777 948 806 octobris.

194 873 262 901 19.
282 887 317 891 —
335 871 412 899 IDEM
426 879 516 900 rinno
531 870 640 905 XIItI,
660 879 726 898 car.
746 870 799 903 VI.
820 871 938 898 Amexio
956 869 1195 898 Coxsmwrmo-

269 932 420 953 POLITANO
439 932 628 952 mieeassont
648 924 668 951 ¹.

270 1003 505 1041 Omnipotentis
528 1003 585 1031 Dei
604 1002 784 1039 dignationi
805 1007 834 1031 et
856 1001 1054 1031 miserationi
1078 1001 1195 1038 gratias

230 1057 355 1093 agimus
378 1057 452 1094 quia
477 1065 530 1085 cor
556 1061 695 1084 vestrum
720 1055 755 1084 ad
781 1054 1016 1084 reformandam
1042 1053 1195 1083 catholice

230 1109 361 1139 ecclesie
379 1110 533 1138 unitatem
557 1109 702 1138 animare
724 1113 753 1137 et
770 1108 946 1137 confortare
968 1108 1117 1144 dignatus
1136 1112 1192 1137 est.

231 1163 336 1192 Sancti
354 1163 492 1200 Spiritus
507 1162 649 1201 paracliti
664 1162 834 1200 potentiam
848 1161 1054 1199 deprecantes
1069 1166 1101 1189 ut
1115 1160 1194 1188 sicut

228 1217 261 1245 in
283 1216 431 1254 apostolis
455 1217 519 1245 suis
545 1216 690 1245 omnium
714 1215 860 1252 gentium
884 1214 1080 1243 diversitates
1103 1213 1195 1241 unire

228 1269 378 1307 dignatus
392 1274 449 1305 est,
469 1269 511 1297 ita
528 1269 561 1297 in
578 1269 668 1298 nobis
683 1268 814 1297 unitatis
831 1268 929 1305 hujus
942 1271 1088 1305 operetur
1105 1266 1194 1295 effec-

231 1327 308 1352 tum.
331 1323 362 1351 ln
383 1331 446 1360 quo
471 1322 625 1351 nimirum
645 1322 773 1358 negotio
796 1321 886 1349 nobis
907 1320 1037 1358 quidem
1062 1319 1194 1356 grandis

228 1380 274 1405 est
290 1375 459 1405 difficultas
480 1375 555 1413 quia
574 1379 754 1404 nostrarum
777 1374 920 1411 gentium
942 1373 1109 1402 diversitas
1130 1381 1193 1401 non

227 1429 318 1458 facile
346 1430 378 1457 in
405 1437 506 1457 unum
535 1432 630 1466 potest
655 1427 827 1457 convenire
856 1435 1061 1455 consensum.
1093 1425 1194 1455 Vobis

226 1489 332 1514 autem
361 1494 415 1522 per
439 1483 667 1521 omnipotentis
695 1483 750 1511 Dei
776 1482 911 1519 gratiam
940 1481 1071 1510 facultas
1099 1485 1191 1519 patet,

227 1538 301 1576 quia
324 1537 512 1567 clericorum
532 1546 567 1565 ac
584 1536 753 1571 laicorum.
777 1535 1008 1573 prepositorum
1032 1538 1062 1563 et
1084 1533 1193 1563 subdi-

229 1593 403 1626 toi-tuna..
427 1590 465 1619 de
482 1594 585 1618 vestro
608 1589 722 1627 pendet
745 1588 879 1617 arbitrio
898 1596 969 1616 cnm
993 1591 1094 1615 vestre
1111 1587 1194 1615 adsit

226 1644 408 1681 benignitas
419 1642 601 1671 voluntatis.
617 1642 661 1670 De
671 1642 718 1680 cuj
727 1651 762 1670 us
773 1641 923 1678 religioso
937 1644 1109 1678 sanctoque
1122 1648 1192 1677 pro-

227 1698 325 1736 posito
341 1702 371 1725 et
388 1701 489 1725 vestre
513 1704 569 1725 nos
591 1695 693 1724 littere
713 1695 936 1723 instruxerunt
961 1698 991 1722 et
1010 1693 1191 1722 fidelissimi

226 1759 261 1779 ae
278 1749 507 1788 sapientissimi
527 1748 634 1777 nuntii
655 1747 750 1776 vestri
771 1747 806 1775 Β,
825 1747 988 1775 Mesimeri
1009 1746 1192 1775 relationes

228 1803 352 1841 plenius
364 1802 559 1831 certificavit.
573 1801 643 1838 Ipse
656 1801 743 1829 enim
755 1800 906 1837 legationi
923 1804 1024 1828 vestre
1038 1799 1111 1828 totis
1125 1807 1192 1837 pro-

227 1857 305 1885 fecto
324 1855 493 1884 desideriis
515 1855 635 1883 instare
653 1854 828 1889 contendit,
851 1858 956 1892 utpote
972 1854 1025 1892 qni
1044 1857 1072 1882 et
1090 1858 1191 1882 vestre

229 1909 387 1938 fidelitatis
405 1909 519 1937 studiis
533 1913 562 1937 et
580 1907 734 1937 catholice
755 1907 888 1936 unitatis
906 1907 988 1935 votis
1004 1911 1085 1935 totus
1099 1916 1191 1935 exes-

229 1966 305 1992 tnat.
332 1962 426 1991 Novit
446 1970 521 1991 sane
540 1966 640 1990 vestre
658 1960 839 1997 sagacitatis
861 1960 1057 1997 experientia
1074 1964 1191 1997 quanta

227 2015 302 2044 elim
327 2013 674 2052 Constantitiopolitani
698 2013 874 2051 patriarche
899 2013 983 2041 circa
1010 2013 1190 2042 Romanum

228 2069 410 2106 episcopum
434 2067 558 2097 devotio
581 2076 617 2095 ac
645 2067 824 2096 reverentia
852 2066 954 2094 t‘uerit.
981 2065 1127 2094 Ceterum
1156 2074 1190 2093 ex

229 2121 337 2150 multis
350 2121 416 2158 jam
434 2129 593 2150 annorum
611 2119 779 2149 curriculis
800 2120 877 2149 adeo
896 2129 927 2148 se
949 2119 1089 2148 civitatis
1107 2119 1192 2156 regie

227 2174 368 2212 presules
384 2183 453 2203 cum
468 2173 552 2203 clero
565 2182 621 2203 suo
635 2178 736 2212 preter
747 2181 874 2201 omnem
893 2172 1088 2201 audientiam
1102 2181 1118 2200 a
1133 2172 1193 2201 tzo-

229 2236 322 2256 mane
342 2226 474 2256 ecclesie
495 2227 622 2255 caritate
648 2234 683 2254 ac
705 2225 885 2254 obedientia
915 2225 1139 2254 subtraxerunt
1162 2228 1193 2253 ut

230 2289 331 2318 neque
359 2280 477 2309 litteras
505 2280 543 2309 ab
567 2279 738 2318 apostolica
763 2279 836 2308 sede
858 2279 995 2308 directas
1019 2279 1190 2317 suscipere,

229 2344 284 2363 nec
300 2334 367 2372 ejus
379 2333 581 2372 apocrisariis
595 2333 834 2362 communicare
847 2333 968 2369 dignati
981 2336 1070 2367 sunt3
1086 2337 1115 2361 et
1129 2332 1191 2361 nisi

228 2387 323 2416 vestri
351 2386 481 2424 imperii
507 2386 661 2424 sapientia
685 2386 800 2414 amoris
828 2386 911 2414 circa
935 2394 990 2414 nos
1011 2390 1039 2414 et
1060 2384 1193 2414 nuntios

229 2444 351 2469 nostros
362 2439 564 2469 dulcedinem
580 2439 823 2474 demonstraret,
841 2438 1024 2467 omnimoda
1038 2438 1122 2467 iuter
1138 2447 1193 2467 nos

228 2494 343 2522 divisio
366 2498 582 2531 permaneret,
605 2498 639 2521 ut
662 2502 765 2530 neque
789 2501 844 2521 nos
868 2492 980 2527 vestri,
1010 2501 1114 2530 neque
1140 2501 1193 2521 vos

230 2546 325 2575 nostri
345 2546 491 2576 notitiam
511 2545 682 2581 haberetis,
701 2554 758 2575 nec
776 2545 840 2574 ulla
855 2545 940 2574 inter
958 2554 1014 2574 uos
1031 2545 1126 2574 hodie
1144 2554 1193 2574 re-

228 2599 463 2628 conciliationis
487 2599 642 2628 memoria
665 2602 840 2635 gereretur.
869 2598 975 2626 Prima
997 2598 1093 2635 igitur
1117 2598 1192 2626 nni-

231 2652 299 2680 tatis
317 2651 414 2689 hujus
428 2652 477 2681 via
495 2652 551 2681 hec
567 2652 690 2680 videtur
707 2655 739 2680 nt
751 2651 908 2681 confrater
921 2655 1026 2680 noster
1039 2651 1193 2680 Constan-

1324 404 1553 442 tinopolitanus
1585 405 1765 443 patriarcha
1803 406 1973 443 primatum
2012 410 2042 434 et
2071 405 2285 434 reverentiam

1320 457 1404 486 sedis
1417 457 1588 495 apostolice
1605 466 1846 495 recognoscens
1862 458 1944 487 sicut
1960 458 1991 486 in
2007 457 2148 495 religiosi
2168 457 2286 495 princi-

1321 509 1368 547 pis
1386 510 1588 540 Constantini
1614 511 1833 540 sanctionibus
1854 511 2036 540 institutum
2053 515 2083 540 et
2103 515 2284 540 sanctorum

1320 563 1527 592 conciliorum
1543 572 1700 592 consensu
1716 564 1877 593 firmatum
1892 567 1948 598 est,
1967 564 2170 593 obstinatiam
2186 568 2286 602 prete-

1319 615 1412 644 ritam
1431 617 1587 654 corrigat,
1606 617 1687 645 sicut
1705 625 1740 645 ex
1761 616 1939 654 legatorum
1959 621 2138 646 nostrorum
2155 624 2284 653 sugges-

1322 669 1405 698 tione
1430 677 1613 705 cognosces.
1645 669 1835 707 Metropoles
1859 677 1932 698 vero
1953 668 2006 698 illo
2031 669 2098 697 sive
2120 668 2285 707 provincie

1318 731 1380 760 que
1404 722 1487 750 sedis
1511 722 1681 760 apostolice
1706 723 1869 761 quondam
1891 722 2155 761 dispositionibus
2177 721 2284 760 subja—

1318 775 1432 804 cebant
1445 776 1483 804 ad
1497 776 1639 813 ejusdem
1653 776 1736 805 sedis
1747 775 1963 805 obedientiam
1978 775 2285 813 dispositionemque

1318 833 1530 864 concurrant,
1561 833 1594 857 nt
1619 833 1718 857 status
1742 828 1795 858 ille
1818 829 1874 867 qui
1901 829 1984 858 inter
2008 828 2124 857 veteris
2147 832 2177 857 et
2205 836 2284 857 nove

1320 880 1419 910 Rome
1438 886 1617 910 nostrorum
1639 890 1674 911 ac
1692 888 1866 911 vestrorum
1885 881 2142 920 predecessorum
2162 885 2282 918 tempo-

1318 933 1407 962 ribus
1441 934 1639 970 habebatur,
1675 944 1759 964 nnnc
1788 943 1914 973 quoque
1947 938 2106 972 prestante
2138 934 2202 963 Deo
2230 943 2284 972 per

1319 991 1420 1015 vestre
1446 987 1652 1017 sublimitatis
1681 988 1872 1017 industriam
1899 988 2099 1017 reformetur.
2130 987 2171 1016 Ea
2196 987 2283 1016 enim

1317 1049 1379 1077 que
1402 1039 1485 1069 inter
1507 1040 1638 1070 Latinos
1652 1045 1682 1070 et
1698 1040 1814 1070 Grecos
1833 1040 1906 1069 fidei
1928 1040 1975 1069 vel
1993 1039 2283 1069 consuetudinum¹

1318 1093 1442 1121 faciunt
1468 1102 1530 1123 non
1555 1093 1705 1122 videntur
1725 1093 1817 1123 aliter
1844 1102 1933 1131 posse
1960 1093 2080 1129 sedari,
2111 1093 2170 1122 nisi
2199 1092 2284 1131 prius

1318 1146 1412 1184 capiti
1435 1147 1577 1175 membra
1593 1147 1776 1176 cohereant.
1799 1146 1964 1182 Quomodo
1983 1148 2068 1175 enim
2086 1146 2170 1175 inter
2189 1145 2284 1174 dissi-

1317 1198 1461 1227 dentium
1479 1204 1508 1228 et
1523 1199 1583 1228 sibi
1598 1199 1738 1229 invicem
1755 1200 1996 1229 adversantium
2011 1208 2133 1237 pugnas
2149 1200 2285 1237 questio-

1318 1261 1395 1281 num
1415 1252 1527 1290 poterit
1542 1252 1708 1281 diversitas
1726 1253 1909 1291 pertractari
1924 1248 1947 1290 ²,
1968 1253 2043 1281 dum
2061 1253 2152 1281 alteri
2175 1252 2285 1282 alteris

1317 1314 1375 1334 nec
1396 1306 1526 1334 obedire
1550 1315 1607 1334 nec
1629 1306 1811 1335 consentire
1834 1305 2034 1343 dignantur?
2060 1306 2129 1335 Mox
2154 1315 2208 1344 per
2226 1305 2284 1334 Dei

1316 1358 1452 1394 gratiam
1475 1358 1720 1396 apostolicarum
1744 1359 1867 1388 sedium
1888 1358 2043 1396 presules,
2071 1363 2100 1387 et
2126 1362 2233 1388 nostro
2255 1363 2286 1387 et

1317 1416 1419 1439 vestro
1435 1416 1624 1449 cooperante
1642 1412 1757 1445 studio,
1777 1411 1845 1441 loco
1861 1416 1890 1440 et
1908 1416 2046 1450 tempore
2063 1412 2146 1450 quod
2165 1415 2284 1441 statue-

1316 1464 1418 1493 rimus
1434 1465 1608 1493 convenire
1629 1465 1806 1501 debebunt,
1825 1468 1857 1494 ut
1874 1465 2121 1494 communicatis
2141 1464 2285 1494 consiliis

1316 1517 1493 1545 secundum
1527 1522 1709 1546 sanctarum
1741 1518 1964 1547 rectitudinem
1988 1519 2219 1556 scripturarum
2245 1517 2284 1547 de

1316 1570 1420 1599 medio
1450 1570 1658 1607 questionum
1683 1570 1833 1600 scaudala
1862 1575 2055 1601 resecentur.
2080 1570 2179 1609 Cujus
2206 1579 2282 1600 con-

1317 1628 1431 1652 ventus
1447 1623 1551 1652 locum
1568 1628 1669 1653 vestre
1687 1624 1836 1653 imminet
1853 1624 2019 1662 prudentie
2038 1624 2215 1653 deliberare
2228 1624 2284 1662 qui

1315 1675 1432 1705 nostris
1444 1676 1481 1704 ad
1500 1685 1551 1705 vos
1564 1677 1832 1706 convenientibus
1848 1677 1999 1706 fratribus
2015 1676 2173 1706 salubrior
2188 1680 2283 1715 atque

1314 1729 1511 1758 commodior
1532 1730 1582 1758 sit.
1609 1730 1749 1768 Tempus
1770 1735 1879 1760 autem
1902 1735 2095 1768 oportunum
2120 1730 2283 1759 octubrem

1315 1782 1479 1820 sequentis
1508 1783 1588 1811 anni
1620 1792 1763 1812 mensem
1796 1784 1933 1813 Domino
1961 1788 2151 1821 cooperante
2179 1784 2283 1821 previ-

1314 1836 1432 1864 dimus.
1459 1836 1594 1874 Propter
1615 1846 1677 1875 qne
1696 1836 1804 1865 omnia
1826 1846 1898 1865 cum
1917 1841 2020 1866 vestre
2042 1836 2198 1875 sapientie
2217 1845 2284 1866 mo-

1315 1888 1478 1917 derationi:
1516 1889 1678 1918 tractanda
1714 1890 1929 1919 venerabilem
1968 1890 2099 1919 fratrem
2141 1894 2283 1919 nostrum

1317 1941 1359 1970 M.
1378 1941 1611 1971 Amaltitnnum
1627 1943 1807 1981 episcopum
1827 1948 1856 1972 et
1872 1942 2062 1973 karissimos
2079 1943 2164 1972 filios
2177 1943 2216 1972 N.
2233 1943 2282 1972 ab·

1315 1994 1417 2023 batem
1441 2000 1471 2024 et
1493 1996 1664 2033 Hugonem
1688 1996 1772 2025 sedis
1795 2001 1900 2025 nostre
1919 1996 2111 2034 presbiteros
2132 2001 2162 2024 et
2182 1995 2284 2025 karis-

1315 2048 1433 2076 simum
1455 2048 1487 2076 Β,
1514 2049 1597 2077 sedis
1617 2052 1722 2077 nostre
1745 2048 1978 2078 subdiaconum
1999 2049 2037 2077 ad
2059 2054 2195 2078 vestram
2213 2057 2283 2087 pre-

1315 2101 1452 2130 sentiam
1479 2101 1690 2130 destinamus.
1715 2102 1801 2138 Quos
1828 2111 1976 2139 rogamus
2001 2102 2040 2131 ad
2065 2111 2121 2132 nos
2149 2102 2284 2132 celerius

1316 2154 1453 2190 remitti,
1477 2158 1509 2183 ut
1534 2155 1753 2192 responsionis
1775 2160 1877 2185 vestre
1900 2155 2125 2185 certitudinem
2151 2163 2284 2192 cognos-

1315 2211 1434 2243 centes,
1454 2207 1559 2244 quein
1577 2211 1737 2246 posterum
1752 2208 1790 2236 ad
1808 2208 1838 2236 id
1853 2208 2070 2246 peragendum
2085 2207 2284 2246 disponenda

1317 2260 1454 2296 suerint,
1470 2266 1598 2290 auctore
1613 2261 1676 2289 Dee
1690 2261 1920 2298 congruentius
1931 2261 2151 2299 disponamus.
2167 2261 2283 2291 Datum

1315 2313 1419 2344 Troie.

1277 2409 1347 2437 20.
1371 2424 1407 2429 -—
1429 2407 1507 2436 lesu
1528 2416 1556 2436 [Ν
1575 2415 1665 2437 cinno
1684 2407 1795 2435 XVIII
1814 2415 1879 2435 car».
1903 2406 1983 2436 xxi
2002 2415 2151 2436 nasonem
2173 2415 2244 2437 ami
2257 2409 2281 2436 ³.

1359 2488 1509 2524 Legimus
1526 2488 1557 2516 in
1574 2487 1713 2525 apostolo
1727 2487 1826 2516 Paule
1841 2499 1846 2516 z
1862 2499 1875 2513 «ι
1891 2487 1963 2516 Non
1977 2491 2023 2516 est
2035 2490 2170 2525 potestas
2183 2487 2247 2516 nisi
2264 2497 2282 2517 a

1318 2541 1392 2570 Deo.
1410 2554 1420 2565 »
1441 2541 1530 2570 'I'unc
1547 2549 1621 2570 vero
1636 2545 1716 2569 recte
1730 2545 1862 2578 potestas
1876 2540 1982 2577 agitur
1998 2548 2070 2569 cum
2082 2539 2121 2568 ad
2133 2549 2206 2569 eum
2220 2549 2283 2570 res-

1318 2594 1432 2632 picitur
1449 2602 1466 2622 a
1480 2602 1543 2631 quo
1555 2593 1658 2622 datur.
1675 2593 1720 2621 Tu
1736 2601 1821 2630 ergo,
1838 2592 1896 2628 fili,
1914 2592 1953 2620 ad
1969 2592 2070 2621 Deum
2087 2601 2213 2631 semper
2230 2594 2282 2622 in-

1313 2765 1337 2790 1.
1353 2763 1392 2790 Iei
1409 2772 1512 2794 encore
1530 2764 1546 2788 il
1569 2772 1691 2798 manque
1712 2763 1835 2797 quelque
1857 2763 1955 2789 chose.
1980 2763 2142 2789 Lewenfeld
2161 2764 2282 2798 suppleo

1274 2813 1460 2838 dirersz'talem
1479 2812 1571 2845 (Jaffe,
1588 2813 1605 2839 l.
1621 2814 1666 2846 0.).

1310 2862 1336 2887 ’2.
1355 2862 1417 2888 eod.
1437 2865 1620 2895 pertractare.

187 2913 303 2946 eglises.
321 2912 362 2937 Cf.
382 2911 560 2941 Chalandon,
584 2913 662 2938 Esset
684 2920 732 2937 sut·
754 2914 775 2937 le
797 2915 877 2945 regne:
900 2912 1018 2939 ‹l'Alea-is
1042 2913 1191 2943 (lummene,
1311 2911 1335 2936 3.
1355 2910 1513 2942 Benevent‚
1529 2910 1562 2936 23
1579 2910 1648 2935 avril
1664 2909 1783 2942 1117;J.
1797 2909 1876 2936 6557.
1890 2925 1923 2929 —
1936 2909 1973 2936 Le
1990 2918 2060 2945 pape
2078 2909 2175 2936 Pascat
2191 2909 2219 2936 II
2237 2918 2283 2936 re-

189 2970 214 2996 p.
232 2962 291 2987 stt-2.
1275 2959 1444 2985 commende
1461 2967 1496 2984 au
1519 2959 1559 2984 roi
1576 2958 1609 2983 de
1629 2958 1789 2984 Danemark
1810 2957 1947 2992 (Nicolas)
1971 2958 2005 2984 de
2030 2959 2108 2984 vivre
2130 2967 2163 2984 en
2188 2959 2281 2984 bonne

228 2817 247 2841 l.
266 2815 360 2845 Troia,
379 2815 531 2841 novembre
551 2816 626 2841 tlt-2.
643 2815 671 2840 «1.
696 2816 775 2842 6334.
800 2829 835 2835 -
859 2815 955 2841 Lettre
975 2815 1012 2840 du
1034 2823 1103 2849 pape
1120 2814 1193 2840 Pas-

187 2864 227 2889 cal
245 2863 271 2888 lI
287 2865 301 2889 a
318 2863 486 2897 l'empercur
508 2864 608 2889 Alexis
626 2863 781 2889 Commcne
798 2872 847 2889 sur
872 2865 896 2889 la
914 2864 1032 2890 reumon
1050 2864 1101 2889 des
1117 2863 1192 2889 deux

223 3010 248 3035 2¹.
269 3009 288 3034 It
310 3018 431 3043 mauqne
449 3010 484 3035 ici
503 3018 537 3035 un
557 3014 623 3039 met,
642 3018 753 3036 comme
765 3018 869 3043 sensim,
887 3012 1010 3041 annuus,
1027 3014 1082 3036 etc.
1276 3009 1459 3042 intelligence
1476 3016 1545 3033 avec
1561 3016 1612 3034 son
1637 3008 1733 3041 cierge
1749 3011 1777 3033 et
1790 3007 1825 3033 de
1841 3007 1982 3034 l'assister
1998 3007 2069 3033 dans
2095 3015 2126 3033 sa
2149 3007 2282 3033 mis-sion.
