2455 3560
1 34 9 43 ι-
0 0 25 23 θ’]

644 338 695 367 LE
718 338 863 368 LIBER
885 337 1120 368 CENSUUM
1143 338 1198 368 DE
1221 334 1408 369 L'EGLISE
1432 340 1641 371 ROMAINE.
2152 350 2190 379 77

130 411 145 427 ο
166 402 260 436 gociis
278 410 328 437 per
348 410 401 429 nos
416 403 672 437 circumspectioni
690 407 739 429 tue
755 403 921 430 commissis
937 403 1102 438 presencia-

130 461 144 476 υ
166 451 231 478 liter
246 451 440 482 destinemus,
458 455 487 478 et
500 452 575 478 inter
590 455 686 478 cetera
702 451 858 486 recipiendi
874 461 889 478 a
906 453 1056 479 carissima
1072 453 1100 479 in

131 509 144 524 n
165 498 281 526 Christo
305 499 362 526 filia
387 503 485 526 nostra
503 499 637 526 Johanna
659 500 759 533 regina
783 499 882 526 Sicilie
904 500 1007 527 illustri
1035 504 1064 527 et
1086 509 1102 527 a

132 559 145 572 n
167 548 254 574 nobili
271 548 331 574 viro
353 547 505 575 Frederico
524 548 559 574 de
575 548 737 582 Aragonia,
763 548 837 574 inter
855 557 929 583 quos
954 553 982 575 et
1001 557 1100 575 eorum

131 607 146 620 t
167 596 368 631 progenitores
392 597 472 631 pacis
494 596 610 623 emulus
629 604 663 623 ac
685 596 802 623 humani
826 598 941 631 generis
964 597 1101 624 inimicus

131 657 144 669 ι»
166 645 274 671 dudum
298 652 402 679 graves
426 645 589 671 discordias
613 645 781 675 suscitavit,
809 646 924 672 nomine
951 650 1048 672 nostro
1074 650 1102 672 et

130 702 143 717 i»
165 692 297 719 Romane
322 693 446 718 ecclesie
468 693 706 727 approbationem
731 697 760 719 et
785 694 1003 720 ratificationem
1031 695 1101 721 certi

130 753 144 766 n
166 745 306 768 tractatus
322 742 400 776 pacis
412 763 418 774 ,
437 750 486 776 per
504 749 556 768 nos
572 741 607 767 de
623 742 744 768 consilio
761 743 964 769 venerabilium
983 743 1101 769 fratrum

131 801 144 814 n
167 794 330 816 nostrorum
346 794 446 816 sancte
466 789 596 816 Romane
614 790 737 816 ecclesie
752 790 939 817 cardinalium
957 799 1006 825 pro
1028 791 1101 818 bona

130 850 143 863 n
165 846 235 873 pace
259 842 288 864 et
311 837 465 865 concordia
494 839 569 864 inter
599 841 694 872 partes
719 839 798 872 ipsas
825 838 953 864 habenda
977 838 1042 865 facti
1067 838 1101 865 ad

130 898 142 911 ιι
164 887 293 921 ipsorum
315 887 414 920 regine
437 892 465 912 et
485 885 631 913 Frederici
651 894 847 920 consensum,
866 888 951 921 juxta
973 891 1101 913 tenorem

130 947 143 960 υ
165 934 332 969 hujusmodi
343 938 484 961 tractatus
496 939 524 961 et
534 938 738 961 contentorum
750 935 777 961 in
794 935 867 969 ipso,
884 944 969 969 quem
986 936 1101 970 quidem

131 994 142 1008 a
164 986 317 1010 tractatum
343 991 432 1017 penes
453 987 480 1009 te
506 983 611 1009 habere
629 982 800 1013 dinosceris.
827 992 876 1018 per
898 984 968 1010 alias
989 988 1102 1009 nostras

129 1043 143 1056 ιι
164 1031 234 1058 certi
247 1031 356 1058 tenoris
368 1032 479 1058 litteras
490 1031 657 1058 dederimus
674 1035 862 1065 potestatem3
881 1040 933 1058 nos
946 1032 981 1058 de
997 1032 1102 1066 hujus-

129 1092 143 1105 »
165 1081 242 1106 modi
264 1081 527 1115 circumspectione
551 1084 599 1106 tua
621 1080 649 1106 in
673 1080 772 1106 arduis
793 1080 894 1115 sepius
917 1080 1102 1114 comprobata

128 1139 142 1155 η
165 1129 318 1164 plurimum
344 1129 372 1154 in
397 1128 521 1155 Domino
542 1129 741 1157 confidentes,
765 1129 935 1155 fraternitati
958 1133 1006 1155 tue
1029 1129 1102 1155 reci-

128 1187 141 1202 η
165 1177 261 1212 piendi
285 1182 384 1204 nostro
406 1181 435 1203 et
454 1177 585 1204 Romane
601 1177 724 1204 ecclesie
741 1178 856 1204 nomine
872 1186 887 1203 a
908 1178 1016 1212 prefato
1033 1177 1102 1203 Fre-

128 1236 142 1252 »
163 1227 279 1259 derico,
310 1230 463 1261 postquam
493 1230 590 1252 tamen
615 1226 784 1260 hujusmodi
810 1226 1044 1261 approbationem
1075 1230 1103 1253 et

128 1285 141 1301 n
164 1275 380 1302 ratificationem
396 1275 464 1302 dicti
481 1278 621 1301 tractatus
638 1278 666 1301 et
681 1283 857 1302 consensum
873 1275 1014 1302 dictarum
1038 1284 1104 1310 par-

129 1335 142 1348 „
164 1324 236 1351 tium
258 1324 403 1358 receperis
423 1328 452 1349 et
468 1323 619 1357 habueris,
637 1323 760 1358 ligfflum
778 1324 945 1358 homagium
961 1329 990 1350 et
1007 1325 1102 1351 vasal-

129 1383 142 1397 η
164 1372 285 1406 laginm,
311 1375 339 1398 et
361 1371 508 1398 fidelitatis
533 1372 628 1398 debite
648 1373 844 1406 juramentum
865 1374 948 1406 juxta
972 1377 1101 1400 tenorem

127 1430 140 1446 ι
163 1421 356 1455 capitulorum
380 1420 504 1455 predicti
523 1421 681 1454 juramenti
706 1421 824 1446 sormam
841 1421 1056 1447 confluencium
1074 1424 1102 1447 et

126 1479 140 1494 ι
161 1470 189 1496 in
211 1468 288 1494 dicto
305 1472 427 1494 tractatu
445 1472 664 1501 contentorum,
680 1469 790 1502 plenam
805 1472 832 1495 et
849 1469 982 1500 liberam,
1002 1473 1102 1495 aucto-

127 1529 142 1543 »
164 1518 248 1544 ritate
265 1519 442 1552 presentium
463 1517 652 1543 concedimus
667 1517 842 1543 facultatem.
861 1517 938 1543 Nulli
955 1526 1023 1552 ergo
1039 1526 1102 1544 om-

129 1577 142 1591 n
163 1567 232 1593 nino
253 1566 401 1592 hominum
427 1566 511 1592 liceat
531 1566 604 1592 hanc
629 1567 761 1600 paginam
785 1570 880 1592 nostre
901 1566 1102 1593 concessionis

130 1627 142 1639 n
163 1614 332 1649 infringere,
350 1615 394 1640 vel
410 1615 438 1641 ei
452 1622 526 1640 ausu
542 1615 694 1640 temerario
710 1614 862 1641 contraire.
878 1614 908 1641 Si
925 1615 990 1649 quis
1005 1620 1100 1642 autem

127 1674 140 1689 ι
163 1664 219 1690 hoc
231 1667 402 1697 attemptare
418 1663 639 1697 presumpserit,
657 1662 883 1695 indignationem
897 1664 1102 1697 omnipotentis

130 1724 142 1736 n
164 1711 217 1738 Dei
245 1716 273 1738 et
287 1712 436 1737 beatorum
455 1711 533 1737 Petri
553 1715 581 1737 et
607 1711 684 1737 Pauli
701 1712 895 1745 apostolorum
914 1714 979 1746 ejus
999 1720 1030 1739 se
1051 1721 1102 1739 no-

127 1773 140 1785 »
163 1761 235 1786 verit
262 1761 459 1787 incursurum.
488 1759 593 1785 Datum
616 1759 690 1793 apud
719 1759 820 1785 Villam
845 1759 954 1786 Novam
980 1760 1102 1786 Avinio-

128 1820 142 1833 n
165 1809 264 1835 nensis
275 1808 410 1838 diocesis,
423 1808 553 1834 kalendis
569 1808 704 1838 octobris,
723 1808 907 1842 pontificatus
923 1809 1013 1834 nostri
1027 1817 1101 1834 anno

129 1869 142 1882 u
163 1857 303 1885 secundo.
321 1868 334 1881 »

164 1916 178 1932 α
196 1906 258 1940 Ego
282 1905 452 1932 Fredericus
477 1904 530 1930 Dei
559 1904 650 1939 gratia
676 1912 725 1930 rex
752 1904 911 1935 Trinacrie,
937 1905 1051 1939 plenum
1074 1908 1101 1931 et

163 1955 264 1989 ligium
286 1954 452 1987 homagium
473 1953 547 1979 facio
570 1953 685 1978 domino
709 1961 772 1978 meo
791 1952 932 1987 Gregorio
955 1961 1025 1987 pape
1048 1961 1101 1979 un-

162 2003 273 2030 decimo
293 2006 321 2028 et
345 2001 568 2028 successoribus
591 2001 654 2027 suis
675 2001 813 2027 canonice
834 2001 1026 2033 intrantibus,
1049 2010 1100 2035 pro

163 2052 257 2078 insula
275 2050 372 2077 Sicilie
389 2058 454 2076 cum
477 2049 582 2076 insulis
597 2049 811 2083 adjacentibus,
830 2057 885 2083 que
902 2057 1022 2083 regnum
1038 2049 1100 2075 Tri-

165 2102 259 2126 nacrie
276 2099 457 2131 nominatur,
474 2103 501 2124 et
513 2100 581 2132 juro
596 2106 684 2131 super
701 2098 753 2123 hec
769 2102 867 2123 sancta
884 2097 936 2123 Dei
952 2099 1100 2132 evangelia

162 2148 238 2182 quod
260 2148 295 2174 ab
317 2148 369 2173 hac
390 2148 458 2173 liora
482 2148 510 2172 in
531 2151 615 2172 antea
639 2154 731 2180 usque
751 2146 785 2171 ad
809 2146 935 2171 ultimam
953 2146 1026 2171 diem
1043 2147 1100 2172 vite

165 2205 227 2223 mee
241 2197 334 2222 fidelis
349 2201 376 2222 et
387 2195 526 2221 obediens
539 2203 588 2220 ero
600 2195 681 2220 beato
696 2194 779 2219 Petro
796 2198 952 2228 sancteque
970 2194 1100 2220 Romane

163 2245 287 2271 ecclesie
309 2244 476 2278 prefatoque
499 2243 614 2269 domino
640 2242 780 2276 Gregorio
801 2244 923 2275 ejusque
945 2250 1099 2268 successo-

163 2294 243 2320 ribus
259 2293 397 2320 canonice
414 2292 598 2319 intrantibus.
616 2291 679 2318 Non
702 2300 750 2317 ero
771 2291 798 2316 in
823 2291 944 2317 consilio
963 2292 1003 2317 rel
1025 2292 1099 2317 facto

163 2341 239 2377 quod
266 2342 350 2368 vitam
375 2340 493 2375 perdant
515 2345 564 2367 aut
587 2340 753 2369 menbrum.
779 2343 827 2365 aut
854 2340 1004 2373 capiantur
1028 2340 1099 2366 mala

129 2401 140 2416 ι
163 2391 308 2425 captione.
331 2389 491 2416 Consilium
512 2389 588 2423 quod
608 2388 694 2414 michi
716 2388 853 2414 credituri
873 2391 958 2414 erunt
979 2397 1028 2422 per
1048 2397 1099 2414 eos

127 2451 141 2464 n
162 2444 211 2466 aut
239 2447 290 2473 per
314 2439 438 2464 nuncios
464 2439 592 2472 ipsorum
619 2437 680 2462 sive
708 2444 758 2470 per
785 2437 908 2462 litteras.
936 2436 969 2461 ad
999 2444 1098 2463 eorum

125 1965 142 2366 δῧὲυθτὸθῠ

128 2499 142 2512 n
163 2488 319 2522 dampnum
351 2495 396 2513 me
425 2487 536 2513 sciente
571 2485 677 2511 nemini
704 2484 836 2518 pandam.
866 2483 901 2510 Et
931 2486 956 2511 si
986 2485 1099 2512 scivero

127 2547 143 2562 n
163 2536 225 2563 fieri
249 2537 292 2562 vel
318 2536 463 2570 procurari
489 2535 550 2561 sive
575 2534 689 2560 tractari
713 2533 841 2566 aliquod,
860 2533 936 2566 quod
957 2533 1046 2563 absit.
1069 2533 1099 2560 in

127 2595 142 2609 r,
163 2592 262 2611 eorum
280 2585 449 2618 dampnum,
469 2583 536 2609 illud
554 2591 604 2616 pro
624 2590 708 2616 posse
730 2582 902 2615 impediam;
925 2585 952 2608 et
968 2582 993 2608 si
1009 2582 1100 2616 impe-

127 2642 141 2658 υ
161 2632 224 2659 dire
245 2640 301 2658 non
325 2633 450 2666 possim,
476 2631 545 2657 illud
568 2631 611 2657 eis
635 2630 799 2663 significare
819 2630 935 2656 curabo.
960 2629 1098 2664 Papatum

127 2691 141 2706 n
164 2680 329 2707 Romanum
341 2685 369 2706 et
385 2679 490 2714 regalia
503 2679 596 2705 saneti
614 2678 690 2704 Petri
707 2682 762 2703 tarn
784 2678 828 2710 [in]
848 2677 941 2703 insula
957 2677 1056 2704 Sicilie
1072 2682 1100 2704 et

129 2740 142 2754 ι)
164 2730 192 2756 in
215 2729 278 2755 aliis
302 2728 406 2755 insulis
426 2727 626 2762 adjacentibus
648 2734 732 2760 quam
755 2726 782 2752 in
807 2734 895 2759 regno
916 2725 1011 2752 Sicilie
1034 2735 1100 2761 pre-

130 2787 144 2801 »
165 2776 262 2809 dictis,
284 2785 369 2810 quam
393 2776 460 2802 alibi
483 2775 642 2801 existencia
663 2774 777 2808 adjutor
798 2773 841 2799 eis
863 2782 912 2800 ero
935 2774 969 2800 ad
992 2774 1100 2801 deffen-

129 2835 143 2849 υ
164 2824 289 2850 dendum
313 2828 342 2850 et
365 2823 547 2849 retinendum
575 2826 603 2848 et
627 2821 855 2856 recuperandum
879 2825 908 2847 et
934 2827 1101 2857 recuperata

129 2883 143 2897 n
164 2871 411 2898 manutenendum
427 2875 527 2898 contra
542 2879 656 2897 omnem
674 2871 831 2897 hominem.
844 2869 879 2896 Et
895 2871 990 2896 omnia
1005 2871 1058 2896 alia
1073 2874 1102 2897 et

129 2931 143 2945 n
164 2920 280 2954 singula
295 2920 420 2955 capitula
435 2919 491 2945 sub
511 2919 603 2945 forma
623 2918 768 2944 fidelitatis
783 2918 993 2953 comprehensa
1007 2919 1102 2945 invio-

129 2979 143 2993 „
164 2968 288 2995 labiliter
309 2967 489 2999 observabo;
514 2967 666 2994 universas
682 2969 710 2992 et
727 2965 858 3000 singulas
880 2966 1099 3000 promissiones,

1220 416 1233 428 υ
1255 405 1445 439 obligationes
1456 410 1484 432 et
1494 408 1700 436 conventiones
1713 410 1740 436 ln
1753 412 1878 444 presenti
1892 412 2051 447 privilegio,
2069 414 2182 447 litteriS,

1219 463 1232 476 n
1253 453 1315 479 sive
1338 453 1528 481 instrumento
1548 460 1713 490 contentas,
1740 462 1768 485 et
1790 460 1884 486 omnia
1904 464 1932 487 et
1955 461 2069 496 singula
2088 463 2116 490 in
2137 464 2181 490 eis

1220 512 1232 525 n
1253 505 1389 528 contenta
1409 502 1534 536 plenarie
1556 504 1716 539 adimplebo
1740 510 1768 533 et
1790 507 1989 535 inviolabiliter
2010 510 2181 544 observabo,

1218 559 1231 574 n
1255 557 1308 576 nec
1320 550 1374 576 ullo
1387 559 1510 585 unquam
1523 557 1650 587 tempore
1663 555 1773 581 veniam
1790 560 1889 582 contra
1904 557 1959 584 illa.
1977 557 2025 585 Sic
2042 567 2086 585 me
2104 559 2184 587 Deus

1220 608 1232 621 n
1253 597 1371 632 adjuvet
1386 603 1414 624 et
1430 600 1482 626 hec
1497 606 1595 627 sancta
1612 601 1664 628 Dei
1680 604 1837 638 evangelia.
1855 615 1868 629 ι

1255 647 1326 672 Acta
1344 647 1459 674 fuerunt
1475 649 1527 675 hec
1545 649 1686 681 Messane,
1705 652 1731 677 in
1749 652 1856 685 palacio
1873 654 1970 688 regali,
1987 664 2071 686 anno,
2089 656 2186 684 indic-

1219 694 1310 727 tione⁷
1327 695 1386 726 die,
1405 704 1503 723 mense
1526 702 1554 723 et
1577 699 1742 731 pontificatu
1759 701 1864 734 quibus
1877 710 1981 737 supra,
2001 705 2186 738 presentibus

1219 743 1385 770 reverendis
1400 744 1427 770 in
1440 744 1555 771 Christo
1573 747 1701 780 patribus
1716 748 1859 783 dominus]
1881 750 2006 778 Marciali
2024 752 2076 779 Dei
2095 755 2188 787 gratia

1219 792 1355 826 episcopo
1378 792 1569 825 Cathanensi,
1599 794 1747 830 Rostagno
1776 797 1876 824 abbate
1903 801 2069 828 monasterii
2094 803 2189 829 sancti

1219 840 1349 866 Severini
1365 842 1482 875 majoris
1495 842 1530 868 de
1542 842 1670 877 Neapoli,
1683 852 1716 871 ac
1733 846 1876 873 nobilibus
1892 852 1920 874 et
1936 849 2100 882 magnificis
2116 851 2187 878 viris

1219 887 1344 914 dominis
1361 888 1512 916 Francisco
1528 890 1562 916 de
1578 890 1732 919 Vintonilio
1746 894 1833 920 milite
1845 899 1872 921 et
1885 897 1988 922 comite
2005 896 2136 925 Golisani
2151 907 2186 926 ac

1219 936 1286 963 dicti
1313 937 1420 964 domini
1448 939 1525 973 regis
1551 940 1649 973 maj0ri
1676 943 1844 973 camerario,
1877 945 1968 971 Artali
1995 946 2029 972 de
2056 947 2188 981 Alagona

1219 984 1373 1011 comitatus
1396 985 1532 1012 Mestrete
1553 987 1668 1014 domino
1684 998 1717 1016 ac
1732 990 1799 1016 dicti
1821 992 1899 1025 regni
1920 993 2061 1021 Trinatrie
2083 1004 2187 1030 magno

1219 1034 1397 1068 justiciari0‚
1427 1035 1540 1061 Matheo
1563 1037 1597 1062 de
1624 1037 1843 1065 Monteeatlieno
1869 1042 2024 1069 comitatus
2049 1044 2184 1079 Anguste

1219 1081 1347 1114 domino,
1370 1083 1501 1118 Philippo
1524 1084 1558 1110 de
1581 1084 1738 1113 vintimilio
1763 1087 1829 1114 dicti
1851 1089 1958 1116 domini
1980 1092 2057 1125 regis
2077 1100 2189 1119 mares-

1219 1131 1301 1164 callo,
1320 1131 1421 1158 Blasco
1438 1132 1559 1158 barrone
1582 1133 1780 1166 Montist’ortis,
1801 1135 1901 1163 Blasco
1918 1139 1952 1164 de
1968 1139 2108 1174 Alagona,
2127 1141 2186 1168 Pe·

1219 1187 1289 1205 rono
1305 1179 1339 1205 de
1359 1179 1492 1206 Thermis
1509 1181 1596 1207 milite
1612 1186 1640 1208 et
1655 1183 1725 1209 dicti
1740 1183 1846 1211 domini
1864 1187 1941 1219 regis
1959 1189 2184 1223 prothonotario‚

1219 1227 1368 1261 Reynaldo
1391 1228 1492 1263 Crispo
1515 1229 1549 1255 de
1573 1229 1705 1257 Messana
1728 1233 1816 1258 milite
1839 1238 1866 1260 et
1886 1234 1954 1261 dicti
1977 1236 2084 1263 domini
2109 1239 2186 1272 regis

1220 1276 1411 1308 thesaurario,
1434 1277 1518 1303 Petro
1534 1278 1568 1304 de
1592 1279 1690 1305 Mauro
1711 1280 1745 1306 de
1766 1280 1898 1308 Messana
1922 1284 2009 1310 milite
2030 1290 2058 1311 et
2078 1288 2186 1320 maj0re

1220 1325 1358 1359 magistro
1374 1327 1480 1360 regalis
1495 1327 1628 1362 hospicii,
1640 1327 1749 1354 Jacobo
1766 1329 1916 1364 Pictingna
1932 1332 1966 1358 de
1982 1332 2115 1360 Messana
2132 1335 2187 1361 mi-

1219 1373 1278 1404 lite,
1295 1373 1420 1408 Georgio
1436 1375 1559 1409 Graffeo‚
1575 1375 1694 1403 Nicolao
1711 1377 1822 1404 Abbate
1835 1379 1902 1405 dicti
1917 1380 2024 1407 domini
2041 1383 2118 1416 regis
2135 1391 2190 1410 una

1220 1431 1286 1449 cum
1314 1423 1403 1449 sociis
1427 1425 1575 1458 magistris
1601 1425 1803 1459 rationalibus,
1830 1427 1951 1454 Alfonso
1977 1429 2011 1455 de
2040 1431 2187 1465 Aragona,

1219 1470 1371 1497 Frederico
1381 1471 1415 1497 de
1424 1471 1569 1506 Aragona,
1580 1471 1732 1500 Guillelmo
1742 1474 1905 1509 Raymundi
1913 1477 1947 1502 de
1957 1477 2187 1512 Montecatheno,

1220 1518 1373 1545 Guillelmo
1391 1520 1426 1546 de
1442 1519 1613 1552 vintimilio,
1632 1522 1775 1557 Audoyno
1791 1523 1825 1549 de
1842 1523 2018 1559 vintimilio,
2036 1526 2188 1555 Francisco

1220 1567 1254 1603 de
1271 1566 1447 1596 Vintimilio.
1465 1568 1615 1603 Grigessio
1640 1570 1674 1596 de
1693 1570 1868 1605 Vintimilio,
1886 1573 2010 1600 Henrico
2034 1575 2068 1601 de
2095 1576 2188 1603 Vinti-

1221 1615 1309 1648 milio,
1334 1616 1486 1642 Guillelmo
1512 1616 1614 1643 Rubeo
1636 1618 1670 1644 de
1693 1619 1841 1651 Messana,
1864 1620 2008 1649 Brandino
2029 1623 2186 1658 Capezaua,

1221 1664 1400 1691 Bonacursio
1423 1665 1561 1700 Maynerii
1587 1666 1622 1692 de
1644 1666 1808 1699 Florencia,
1832 1669 1954 1697 Janucio
1975 1671 2008 1697 de
2031 1672 2131 1699 Mauro
2153 1674 2190 1700 de

1220 1713 1365 1745 Messana,
1387 1714 1542 1740 Francisco
1565 1715 1718 1750 Pictingna
1740 1717 1774 1743 de
1797 1717 1940 1749 Messana,
1961 1724 1988 1746 et
2013 1720 2137 1748 Orlando
2152 1722 2188 1748 de

1220 1761 1361 1795 Gregorio
1391 1763 1425 1788 de
1451 1763 1599 1797 Messana,
1626 1773 1658 1790 ac
1684 1765 1895 1792 venerabilibus
1917 1772 1945 1794 et
1967 1768 2188 1804 circumspectis

1220 1810 1289 1836 viris
1312 1811 1435 1836 dominis
1454 1811 1612 1837 Bet-trando
1634 1813 1668 1838 de
1692 1813 1808 1839 Masello
1831 1814 1980 1842 licenciato
1998 1817 2024 1842 in
2046 1817 2187 1850 decretis,

1219 1859 1422 1885 archidiacono
1438 1859 1472 1885 dc
1487 1859 1662 1886 'I'arrautoue
1678 1862 1704 1887 in
1723 1862 1846 1888 ecclesia
1862 1862 2000 1890 Ilei-densi
2012 1885 2018 1897 ,
2041 1864 2188 1892 Bernardo

1219 1905 1342 1939 Magaldi
1354 1909 1526 1932 succentore
1537 1907 1659 1933 ecclesie
1676 1907 1863 1939 pictavensis,
1881 1910 2026 1937 Gauffrido
2039 1911 2188 1939 Michaelis

1219 1954 1358 1981 canonico
1386 1956 1509 1981 ecclesie
1537 1955 1787 1990 Constanciensis,
1813 1961 1839 1983 et
1863 1959 1926 1984 aliis
1949 1968 2034 1993 quam
2057 1960 2188 1994 pluribus

1220 2004 1343 2029 testibus
1357 2003 1391 2029 ad
1410 2004 1549 2037 premissa
1564 2005 1674 2031 vocatis
1690 2005 1853 2039 specialiter
1870 2011 1897 2032 et
1913 2008 2032 2042 rogatis.

1254 2051 1289 2077 Et
1305 2060 1359 2085 ego
1375 2051 1548 2078 Francisc-us
1562 2052 1698 2084 Tei-visii,
1715 2054 1836 2080 clericus
1852 2054 2036 2087 Tervisinus,
2054 2057 2188 2091 publicus

1217 2101 1374 2134 apostolica
1398 2105 1426 2126 ct
1446 2101 1584 2134 imperiali
1606 2102 1778 2128 auctoritate
1795 2104 1938 2135 notarius,
1956 2106 2107 2139 premissis
2126 2114 2188 2132 om-

1219 2149 1304 2174 nibus
1321 2153 1348 2175 et
1363 2149 1487 2183 singulis
1506 2150 1713 2184 suprascriptis
1729 2151 1795 2176 dum
1818 2152 1859 2178 sic
1875 2158 2029 2186 agerentur
2044 2158 2071 2179 et
2086 2154 2188 2182 fierent

1219 2204 1274 2222 una
1285 2205 1350 2222 cum
1361 2198 1569 2231 prenominatis
1581 2198 1704 2224 testibus
1717 2207 1836 2233 presens
1847 2200 1973 2232 interfui,
1987 2201 2188 2237 predict-‘isque

1217 2245 1327 2271 litteras
1342 2245 1515 2279 apostolicas
1532 2246 1604 2279 vidi,
1623 2247 1701 2272 tenui
1717 2251 1744 2273 et
1760 2247 1787 2273 in
1806 2249 1931 2282 presenti
1947 2250 2062 2283 publico
2077 2251 2188 2278 instru-

1217 2297 1314 2319 mento
1331 2302 1429 2319 earum
1453 2294 1564 2327 copiam
1586 2294 1707 2321 fideliter
1728 2296 1851 2327 inserui.
1869 2303 1954 2330 atque
1971 2306 2056 2324 manu
2074 2299 2188 2334 propria

1217 2341 1336 2375 scripsi,
1361 2342 1397 2367 nil
1418 2341 1550 2368 addendo
1575 2343 1617 2368 vel
1639 2343 1794 2377 minuendo
1816 2345 1891 2377 quod
1908 2345 1973 2371 facti
1990 2346 2185 2374 substanciam

1216 2389 1349 2415 immutet
1364 2390 1406 2415 vel
1424 2391 1514 2416 vai-let
1529 2391 1716 2421 intellectum,
1729 2400 1762 2417 ac
1777 2392 1804 2417 in
1820 2392 1892 2418 hanc
1911 2393 2051 2427 publicam
2067 2395 2186 2422 formam

1217 2437 1331 2471 redegi.
1347 2439 1489 2472 signoque
1510 2447 1572 2464 meo
1592 2447 1624 2465 ac
1643 2441 1756 2465 nomine
1772 2440 1856 2466 solito
1877 2442 1988 2475 signavi
2010 2442 2037 2468 in
2058 2442 2142 2469 fidem
2159 2447 2188 2470 et

1216 2486 1412 2512 testimonium
1429 2486 1556 2512 omnium
1573 2487 1781 2520 premissorum
1794 2489 1964 2522 requisitus.

1674 2589 1699 2614 4.

1251 2683 1362 2710 Tenor¹
1378 2684 1471 2710 littere
1488 2684 1575 2710 misse
1592 2693 1642 2718 per
1664 2684 1768 2711 fratres
1790 2685 1907 2719 capituli
1929 2686 2052 2713 ecclesie
2068 2689 2187 2722 majoris

1219 2821 1244 2848 1.
1259 2821 1363 2854 Tours,
1384 2822 1411 2848 ll
1430 2822 1585 2848 novembre
1603 2823 1679 2849 1418.
1696 2837 1731 2843 —
1745 2822 1800 2849 Les
1815 2824 1972 2851 chanoines
1988 2825 2023 2851 de
2037 2826 2186 2855 Marmou-

1182 2870 1237 2896 tier
1250 2869 1406 2896 informent
1426 2870 1450 2896 le
1471 2879 1544 2905 pape
1558 2871 1664 2897 Martia
1681 2871 1705 2896 V
1721 2871 1773 2898 des
1793 2872 1902 2906 prieres
1923 2873 2007 2907 qu'ils
2027 2882 2059 2901 se
2079 2884 2187 2911 propo-

1182 2921 1248 2945 sent
1263 2918 1298 2944 de
1313 2918 1383 2944 faire
1398 2927 1470 2953 pour
1488 2919 1539 2945 lui.
1559 2918 1818 2953 Eoi-egistrement.
1835 2919 1915 2947 Cette
1937 2922 2018 2956 piece
2034 2929 2079 2950 est
2099 2924 2186 2952 d’une

1182 2967 1258 2993 main
1269 2967 1328 2994 tres
1339 2967 1486 2994 differente
1497 2967 1532 2994 de
1542 2968 1612 2994 celle
1623 2968 1672 3002 qui
1680 2977 1696 2994 a
1705 2969 1840 2995 transcrit
1850 2969 1892 2995 les
1903 2971 1974 2997 trois
1985 2972 2185 3005 precedentes.
