2402 3592
191 371 227 400 28
734 367 782 395 LE
806 366 949 395 LIBER
972 362 1204 394 CENSUUM
1229 361 1282 390 DE
1306 356 1492 390 L'EGLISE
1515 359 1725 389 ROMAINE.

232 444 309 474 quos
326 435 399 473 jura
421 434 481 463 sibi
501 433 605 469 longis
628 433 820 461 subtraxisse
839 431 1034 470 temporibus
1050 440 1085 459 ac
1103 434 1187 459 atro-

232 497 282 518 ces
298 488 448 525 adjecisse
464 496 573 515 causas
589 486 710 524 injurie
726 485 944 519 causabatui·¹,
964 483 1185 513 Lonibardiam

233 541 364 570 intravit
387 544 494 569 contra
517 540 600 569 sedis
621 538 787 577 apostolice
808 537 979 567 consilium
1003 542 1033 566 et
1055 536 1188 565 manda·

233 599 312 623 tum.
330 594 384 623 Set
401 593 487 631 prius
504 593 585 621 vires
602 592 723 621 viribus
740 591 912 629 prudenter
930 590 1116 619 examinans
1135 598 1188 618 eos

235 656 287 685 per
301 646 469 684 apostolice
483 645 567 674 sedis
578 644 741 674 oraculum
754 642 1094 682 optinuitamuioueri,
1114 649 1188 679 quo-

235 709 304 729 rum
325 699 446 728 nuntiis
463 708 533 727 cum
550 698 661 735 legatis
678 697 832 735 principis
850 697 888 726 ad
902 696 1019 726 Christi
1033 695 1188 723 vicarium

231 762 304 783 cum
323 752 545 781 instrumentis
562 751 600 780 de
618 755 682 780 rato
702 750 908 784 transmissis,
926 750 959 778 in
977 750 1045 787 ejus
1062 748 1188 777 tandem

232 806 364 835 arbitrio
379 814 450 833 cuin
470 804 645 842 adjectione
662 812 741 842 pene
763 813 815 842 per
837 803 1039 831 munimenta
1064 800 1189 839 publica

234 859 336 888 extitit
351 858 628 895 compromissum,
646 856 720 885 licet
738 856 833 885 finem
852 864 913 885 nou
934 855 1051 893 ceperit
1069 854 1189 883 exami-

235 915 343 941 natum
363 911 522 948 judicium
535 935 541 945 ,
559 909 818 947 tergiversatione
838 908 973 946 partium
992 907 1189 944 calumpnias

232 966 408 1003 ingerente.
435 965 497 1000 Qui
528 964 654 993 tandem
682 963 772 1001 petiit
798 963 829 992 in
859 962 1079 992 Lombardiarn
1105 960 1189 990 sedis

231 1018 400 1057 apostolice
431 1018 583 1047 destinari
610 1017 770 1054 legatum,
798 1017 888 1053 cujus
911 1015 1031 1054 judicio
1055 1014 1190 1043 celerius

233 1072 359 1101 suborta
382 1071 505 1109 questio
529 1071 684 1099 finiretur.
708 1070 756 1099 Ad
780 1069 862 1108 quod
886 1068 1079 1098 venerabilis
1105 1072 1190 1106 pater

248 1148 267 1154 ..
292 1125 457 1162 episcopus
480 1123 704 1157 Penestrinus,
729 1123 781 1152 cui
806 1126 906 1160 preter
928 1121 982 1150 illa
1007 1120 1189 1150 communia

233 1186 294 1216 que
312 1177 467 1215 pontificii
484 1176 665 1206 conditione
682 1176 838 1204 debentur
859 1178 888 1204 et
909 1175 966 1203 hec
986 1183 1047 1212 que
1064 1173 1190 1211 regula-

235 1230 279 1259 ris
296 1230 394 1259 adicit
415 1229 598 1266 disciplina,
622 1228 708 1257 zelus
728 1227 818 1259 fidei,
845 1226 998 1255 rectitudo
1015 1226 1139 1264 justitie
1157 1234 1192 1254 ac

235 1284 339 1313 fervor
357 1282 510 1311 libertatis
533 1281 744 1309 ecclesiastice
767 1280 992 1316 suffragantur,
1011 1288 1082 1307 cum
1100 1278 1192 1316 plene

234 1335 403 1374 legationis
428 1335 532 1364 officio
552 1334 739 1362 destinatur
762 1334 876 1368 Quem,
895 1341 965 1361 cum
984 1331 1081 1361 nollet
1101 1340 1118 1360 a
1142 1331 1193 1360 via

234 1389 321 1427 regia
345 1388 522 1422 declinare,
545 1387 709 1416 orrasioue
734 1391 883 1424 concepta
910 1386 992 1424 quod
1014 1385 1098 1414 inter
1120 1384 1192 1413 Pla-

233 1442 378 1472 centinos
394 1441 479 1470 cives
496 1450 602 1478 pacem
622 1440 801 1468 firmaverat
821 1440 901 1468 sicut
919 1448 954 1468 ex
972 1439 1069 1468 officii
1089 1438 1194 1467 debito

235 1495 411 1529 tenebatur,
432 1494 518 1530 gravi
539 1494 714 1530 suspitione
735 1497 877 1522 notatum
902 1492 1012 1521 audire
1031 1495 1193 1529 contemp-

234 1549 284 1584 sit,
313 1548 448 1577 eundem
479 1546 682 1576 coutumeliis
708 1551 737 1575 et
763 1545 1062 1575 conminationibus
1085 1554 1192 1583 prose-

237 1607 337 1632 cutus.
363 1602 431 1636 Quo
453 1600 577 1630 taudem
604 1600 641 1628 ad
666 1600 770 1628 sedem
798 1599 1001 1637 apostolicam
1026 1599 1192 1635 redeunte,

236 1660 303 1694 post
321 1654 441 1692 lapsum
464 1653 612 1691 temporis
626 1654 663 1682 ad
675 1653 774 1690 ipsius
787 1652 988 1690 imperatoris
1005 1653 1192 1681 instantiam

235 1707 431 1737 venerabiles
449 1711 586 1744 patres...
603 1705 782 1735 Ostiensem
799 1705 982 1743 episcopum
997 1709 1026 1734 et
1038 1706 1073 1734 T.
1087 1710 1194 1734 sancte

235 1760 351 1790 Sabine
371 1759 588 1798 presbyterum
614 1757 802 1793 cardinales,
821 1766 956 1796 quorum
980 1757 1108 1787 virtutis
1127 1767 1192 1786 me-

235 1813 332 1842 ritum
351 1812 413 1840 vita
428 1815 644 1849 protestantur
660 1815 689 1839 et
704 1810 797 1846 fama,
817 1810 850 1839 in
866 1815 969 1848 partes
983 1810 1109 1839 easdem
1121 1819 1193 1840 cum

236 1869 385 1904 potestate
402 1863 501 1893 simili
517 1873 663 1893 summus
682 1863 820 1901 pontifex
837 1863 1018 1892 destinavit.
1040 1863 1101 1898 Qui
1124 1872 1194 1892 eam

236 1919 406 1956 assumpsit
430 1918 462 1946 in
482 1916 618 1946 Ecclesie
636 1916 817 1945 humilitate
833 1916 1034 1954 superbiam,
1056 1920 1089 1945 ut
1105 1925 1194 1945 suani

237 1972 283 2001 eis
309 1971 519 2010 presentiam,
545 1978 640 2007 quam
675 1969 837 1998 interdum
870 1969 1015 2006 turpibus
1047 1970 1197 1999 inmiscet

238 2024 454 2059 commerciis,
473 2023 654 2059 denegaret,
678 2022 710 2050 in
733 2022 856 2051 modico
874 2022 1033 2051 felicitatis
1058 2022 1196 2052 inditio2

237 2082 348 2107 cuncta
365 2085 418 2114 pro
435 2080 504 2105 voto
520 2075 580 2104 sibi
597 2075 757 2104 mentiens
774 2083 968 2104 successura.
987 2075 1048 2110 Qui
1069 2075 1197 2105 tandem

238 2130 357 2168 absque
385 2129 448 2158 ulla
474 2128 692 2166 prosecutione
717 2128 837 2164 negotii
863 2127 1039 2157 redieruut.
1064 2128 1099 2157 Et
1124 2129 1198 2166 quia

239 2192 344 2213 rerum
361 2187 494 2212 eventus
513 2190 574 2211 uon
593 2181 652 2210 sibi
671 2181 856 2210 succedebat
870 2181 906 2210 ad
924 2185 1045 2217 votum,
1062 2181 1198 2219 impera-

240 2242 285 2266 tor
303 2237 370 2274 ipse
386 2234 585 2264 venerabiles
605 2234 817 2272 patriarcham
836 2234 1074 2264 Antiochenum
1089 2258 1094 2271 ,
1114 2235 1197 2263 Mes-

240 2298 408 2319 saneusem
426 2292 454 2317 et
470 2288 737 2317 Panormitanum
752 2287 1014 2326 archiepiscopos,
1029 2287 1198 2317 Tlieotoui-

241 2351 349 2372 corum
387 2341 575 2378 magistrum
608 2345 637 2369 et
664 2341 804 2378 judicem
840 2341 970 2369 Petrum
1002 2340 1039 2369 de
1073 2340 1196 2377 Vineis,

241 2394 398 2425 Achitofel
418 2394 572 2430 alterum,
593 2394 684 2431 cujus
710 2393 844 2423 consilio
870 2393 1058 2431 contemptis
1080 2393 1197 2432 princi-

242 2449 332 2487 pibus
347 2452 495 2485 majestas
508 2447 713 2484 imperatoria
728 2447 848 2484 regitur
859 2451 889 2476 et
900 2447 1078 2485 respublica
1087 2447 1198 2485 guber-

242 2505 352 2534 natur,
371 2504 399 2529 et
418 2499 604 2529 Lombardie
622 2499 753 2528 societas
770 2508 824 2537 pro
839 2508 871 2528 se
888 2499 1061 2529 nonnullos
1079 2499 1199 2529 nobiles

243 2562 297 2592 pro
313 2553 487 2582 decidenda
503 2553 679 2590 questionis
697 2552 829 2581 materia
845 2553 878 2581 in
896 2561 957 2586 eos,
975 2553 1112 2581 (liversis
1125 2557 1199 2581 teni-

243 2606 372 2644 poribus
389 2606 426 2634 ad
445 2605 548 2634 sedem
567 2604 769 2643 apostolicam
788 2605 1000 2634 destinarunt.
1023 2606 1090 2640 Que
1106 2605 1200 2642 longe

242 2658 451 2687 discussionis
469 2657 647 2686 examinata
659 2657 780 2694 judicio
799 2657 924 2685 taudem
941 2657 1134 2695 relinquitur
1148 2667 1200 2695 per

243 2710 459 2748 calumpniam
477 2711 488 2729 ³
514 2710 650 2747 partium
676 2709 827 2745 indecisa,
851 2709 925 2738 licet
946 2714 1060 2739 statera
1082 2710 1201 2747 judicis

244 2763 379 2792 diversis
389 2766 568 2800 attemptata
577 2761 824 2800 promissionum
835 2762 1026 2800 ponderibus
1038 2763 1070 2791 in
1081 2767 1199 2800 partem

243 2935 267 2962 1.
287 2934 349 2961 Coti.
366 2933 569 2960 causabantur.

241 2983 267 3009 2.
285 2982 323 3008 La
339 2982 457 3008 victoire
474 2982 508 3007 de
524 2981 713 3013 Cortenuova,
730 2981 761 3007 ζὶῖ
782 2981 934 3008 novembre
954 2982 1029 3009 1937.

243 3031 268 3058 3.
286 3032 348 3058 Gotl.
365 3030 538 3064 calumpnie.

1310 425 1664 465 nequiveritinclinari.
1683 425 1766 454 Nam
1784 429 1851 463 post
1867 429 2008 454 recusata
2031 433 2182 461 munera,
2205 434 2267 464 que

1310 480 1472 509 sedentem
1488 479 1518 507 in
1536 478 1639 508 medio
1652 486 1852 507 inoverenon
1869 477 2047 516 potera[n]t‚
2063 478 2191 508 fortiora
2205 477 2266 508 Ce-

1310 542 1361 561 sar
1376 532 1442 571 ipse
1458 532 1666 561 incitamenta
1688 531 1901 569 corruptionis
1921 531 2052 569 adjecit,
2070 535 2104 560 ut
2119 539 2267 561 summus

1310 585 1448 624 pontifex
1482 590 1606 624 neptem
1636 594 1726 614 suam
1754 584 1891 613 naturali
1919 585 1986 622 ejus
2013 583 2079 614 filio
2107 583 2268 622 copularet

1310 647 1456 675 uxorem,
1476 648 1537 677 que
1561 648 1578 667 a
1603 647 1728 668 summo
1747 638 1871 677 presule
1888 647 1949 668 non
1975 638 2094 667 minori
2113 638 2200 668 fuere
2217 646 2269 667 re-

1310 691 1400 730 pulsa
1425 692 1602 721 constantia
1635 701 1730 730 quam
1758 691 1886 721 levitate
1913 691 2027 722 oblata.
2069 691 2114 720 Ex
2151 690 2270 729 quibus

1311 745 1396 774 idem
1422 744 1607 774 Fredericus
1631 745 1665 773 in
1689 744 1778 774 illam
1800 745 1941 782 prorupit
1963 743 2160 773 crudelitatis
2181 744 2270 773 insa-

1311 799 1414 834 niam,
1443 802 1476 827 ut
1502 797 1674 827 Ecclesiam
1699 797 1880 827 fortioribus
1908 801 2090 835 perurgeret
2115 797 2270 835 angariis,

1311 851 1476 888 religiosos
1498 851 1704 890 opprimeret,
1726 855 1756 880 et
1775 851 1897 880 afflictis
1920 851 2009 888 regni
2027 850 2136 880 Sicilie
2154 850 2270 880 lateres

1310 904 1463 933 lateribus
1487 904 1671 934 inculcaret.
1698 904 1814 934 Orbem
1835 903 1983 941 solicitat,
2011 904 2114 933 turbat
2136 903 2271 939 Urbem,

1311 957 1488 987 cardinales
1504 958 1619 996 expetit
1644 961 1677 986 ut
1700 957 1823 993 dividat
1846 961 1875 986 et
1899 956 2040 996 crib[r]et
2062 961 2095 985 ut
2117 956 2270 992 triticum,

1313 1015 1445 1040 terrores
1463 1011 1582 1049 ingerit
1598 1014 1627 1040 et
1642 1011 1772 1040 suscitat
1787 1010 1986 1048 questiones,
2006 1009 2138 1039 credens
2156 1009 2271 1039 timore

1312 1063 1496 1101 dirumpere
1511 1073 1606 1102 quem
1625 1064 1759 1102 pecunia
1775 1072 1839 1093 non
1856 1063 2006 1101 corrupit.

1352 1117 1399 1145 27.
1420 1134 1455 1137 —
1473 1117 1526 1146 Set
1542 1121 1628 1154 pater
1644 1116 1837 1154 intrepidus,
1856 1115 1935 1154 lapis
1951 1115 2112 1153 angularis
2133 1115 2272 1145 Ecclesie

1314 1178 1372 1199 nec
1398 1169 1501 1199 calore
1528 1169 1698 1199 solvendus
1725 1178 1782 1199 uec
1810 1169 2006 1206 frangendus
2031 1168 2180 1207 inpulsu,
2207 1176 2273 1198 uon

1316 1223 1492 1262 promissis,
1512 1232 1574 1252 non
1602 1227 1720 1252 terrore
1742 1227 1937 1259 commotus,
1964 1222 2092 1261 provida
2115 1222 2275 1251 delibera-

1315 1277 1400 1306 tione
1428 1276 1592 1306 revolvens
1617 1276 1698 1314 quod
1728 1276 1760 1305 in
1791 1276 1974 1313 graviores¹
2001 1275 2104 1305 solent
2128 1275 2275 1304 flammas

1314 1339 1480 1368 erumpere
1498 1329 1648 1359 incendia
1664 1330 1711 1358 sic
1731 1329 1886 1366 neglecta,
1904 1338 1957 1366 per
1973 1329 2056 1358 viros
2075 1327 2273 1358 venerabiles

1317 1382 1503 1412 Lombardie
1527 1381 1662 1420 prelatos
1684 1386 1714 1411 et
1734 1381 1812 1411 alios
1838 1381 1922 1411 sedis
1949 1381 2116 1420 apostolice
2144 1380 2273 1411 nuntios

1315 1445 1409 1475 super
1423 1435 1486 1464 hiis
1503 1441 1531 1465 et
1548 1435 1730 1464 innumeris
1745 1434 1816 1464 aliis
1833 1444 1969 1473 quorum
1987 1434 2049 1463 alia
2066 1443 2202 1472 sequens
2217 1433 2275 1463 da-

1315 1489 1360 1518 bit
1385 1489 1516 1518 assertio
1546 1489 1716 1518 efficaciter
1746 1487 1960 1525 corrigendis,
1993 1492 2122 1525 paterna
2151 1486 2276 1516 curavit

1314 1543 1538 1581 imperatorem
1564 1542 1739 1580 predictum
1766 1541 1953 1570 inductione
1977 1549 2120 1570 monere.
2144 1541 2277 1579 Propter

1315 1595 1375 1625 hoc
1390 1595 1568 1633 specialiter
1584 1595 1621 1624 ad
1645 1604 1718 1624 eum
1738 1594 1891 1631 Gregorio
1911 1594 1998 1623 curie
2021 1602 2075 1623 sue
2093 1593 2216 1623 notario
2230 1592 2278 1623 le-

1315 1653 1386 1686 gato
1402 1648 1486 1677 sedis
1501 1648 1672 1686 apostolice
1692 1647 1866 1682 destinato,
1885 1647 1958 1676 licet
1981 1651 2047 1685 post
2065 1647 2277 1679 monitionem

1316 1702 1431 1731 totiens
1457 1702 1600 1731 iteratam
1626 1701 1658 1730 in
1683 1705 1789 1738 partus
1807 1700 1980 1738 prodiderit
1997 1700 2178 1738 nequiores,
2201 1708 2277 1729 nam

1316 1755 1383 1793 ipse
1410 1754 1653 1791 ingratitudinis
1675 1754 1759 1783 filius
1785 1762 1847 1783 nou
1876 1753 1985 1782 matris
2006 1753 2137 1783 satiatus
2158 1761 2279 1791 angus-

1318 1808 1367 1837 tiis
1381 1817 1450 1837 eam
1464 1817 1482 1836 a
1497 1807 1597 1846 patrio
1612 1807 1709 1836 latere
1721 1807 1915 1845 proscribere
1927 1807 2079 1845 cogitem,
2092 1806 2278 1836 <Iohannem

1317 1860 1441 1891 Cinthii
1462 1863 1539 1889 tunc
1561 1860 1659 1890 Urbis
1679 1859 1916 1898 corruptibilem
1940 1864 2118 1889 senatorem
2139 1859 2279 1897 corrupit

1313 1914 1495 1952 juramento
1511 1917 1646 1951 recepto,
1663 1917 1696 1941 ut
1710 1922 1888 1950 regressum
1906 1912 2024 1942 summi
2042 1912 2199 1950 pontificis
2213 1912 2278 1941 im-

1317 1967 1451 2005 pediret.
1469 1967 1529 2002 Qui
1549 1965 1686 1995 Ecclesie
1710 1965 1906 2004 principem,
1929 1974 1982 2004 per
2004 1974 2099 2003 quam
2123 1965 2161 1995 de
2181 1965 2278 1995 rusti-

1318 2029 1397 2050 cano
1413 2019 1541 2057 tugurio
1559 2020 1733 2058 pretorium
1749 2019 1904 2048 senatoris
1920 2018 2115 2053 ascenderat,
2133 2018 2216 2048 Jude
2232 2027 2279 2049 so-

1318 2074 1396 2108 cius,
1418 2073 1539 2102 Clu-isti
1560 2073 1715 2101 vicarium
1741 2072 1876 2110 pecunie
1897 2071 2042 2101 mercede
2064 2076 2277 2107 commutans,

1319 2135 1359 2155 ne
1378 2126 1461 2155 Petri
1485 2125 1595 2155 urbem
1618 2125 1702 2154 Petri
1720 2134 1883 2154 successor
1898 2125 2041 2160 intraret,
2063 2128 2164 2162 portas
2182 2124 2280 2154 Urbis

1319 2183 1349 2208 et
1369 2187 1477 2208 muros
1498 2179 1627 2208 curabat
1649 2178 1764 2216 quibus
1789 2181 1907 2216 poterat
1924 2177 2088 2207 conatibus
2109 2177 2278 2207 custodire.

1320 2232 1373 2262 Set
1386 2232 1489 2262 devoti
1506 2231 1563 2261 filii
1580 2232 1676 2270 patris
1694 2231 1889 2269 suspirantes
1907 2230 2092 2266 adventum,
2110 2229 2280 2269 proditoris

1320 2285 1399 2315 elisa
1416 2285 1568 2322 versutia,
1585 2284 1777 2323 Capitolium
1799 2288 1938 2322 potenter
1953 2283 2104 2321 aggressi.
2123 2283 2280 2321 propulsis

1319 2339 1433 2369 exinde
1448 2339 1579 2378 turpiter
1595 2339 1750 2374 hostibus,
1770 2337 1907 2367 nobilem
1924 2337 2028 2366 virum
2045 2337 2199 2366 Jacobum
2216 2335 2278 2366 Ca-

1319 2393 1444 2431 putium
1462 2396 1492 2422 et
1507 2391 1586 2422 alios
1600 2392 1638 2421 de
1654 2391 1883 2430 potentioribus
1897 2390 1994 2420 Urbis
2007 2389 2045 2418 ad
2060 2389 2279 2419 reducendum

1321 2454 1430 2475 eorum
1453 2450 1573 2483 patrem
1595 2449 1624 2473 et
1647 2443 1804 2483 presulem
1827 2443 2038 2471 destinarunt.
2056 2442 2155 2481 Cujus
2179 2441 2281 2480 preci-

1321 2499 1378 2528 bus
1394 2506 1568 2537 paucorum
1586 2498 1720 2526 fratrum
1733 2496 1900 2526 accedente
1911 2504 2067 2525 consensu
2085 2499 2172 2533 pater
2188 2504 2280 2524 vene·

1321 2551 1431 2581 rabilis
1457 2551 1648 2586 inclinatus,
1671 2558 1755 2579 anuo
1779 2549 1917 2587 predicto
1943 2547 2133 2578 undecimo²
2158 2548 2279 2578 Urbem

1321 2605 1519 2643 profecturus
1550 2603 1670 2633 accedit
1699 2603 1823 2632 duobus
1855 2601 1966 2630 diebus
2001 2600 2083 2638 apud
2117 2600 2278 2636 Sutrium,

1322 2661 1409 2696 parte
1437 2656 1562 2686 Cesaris
1588 2655 1693 2685 adhuc
1723 2655 1877 2684 senatoris
1905 2653 2081 2692 nequitiam
2113 2653 2279 2683 excitante.

1322 2710 1382 2739 Illa
1399 2710 1526 2739 taudem
1543 2710 1726 2739 venientem
1744 2712 1864 2746 patrem
1889 2707 2052 2736 Romanus
2071 2705 2204 2745 populus
2227 2715 2280 2735 ve-

1323 2763 1488 2797 neratione
1515 2762 1662 2800 suscepit,
1692 2770 1764 2790 cum
1789 2760 1897 2790 eodem
1926 2763 2071 2789 senatore
2098 2757 2283 2788 incredibili

1320 2937 1345 2962 1.
1362 2936 1424 2963 (Just.
1439 2935 1590 2969 gravioris.

1319 2985 1345 3011 ⁴2.
1363 2984 1384 3010 ll
1400 2985 1468 3011 etait
1483 2992 1586 3010 encore
1601 2985 1616 3009 a
1636 2983 1750 3009 Viterbe
1767 2983 1791 3008 lc
1809 2982 1823 3008 6
1839 2982 1955 3007 octobre
1971 2980 2053 3007 1237z
2073 2980 2097 3005 le
2112 2979 2142 3005 ‘21
2160 2979 2178 3004 il
2194 2978 2283 3005 datait

1285 3033 1319 3059 de
1336 3033 1437 3059 Rome.
