2465 3582
237 338 273 368 56

777 337 827 366 LE
850 337 994 367 LIBER
1016 336 1248 368 CENSUUM
1271 337 1325 367 DE
1347 329 1533 368 L’EGLISE
1555 338 1763 368 ROMAINE.

277 403 434 442 imperiali
451 403 633 433 auctoritate
648 402 820 439 scriniarii,
837 411 909 433 cum
925 403 1013 440 dicti,
1031 403 1128 433 veluti
1145 413 1229 433 mas-

276 457 351 486 sarii
371 456 538 486 vinearum
555 460 584 485 et
602 455 744 486 locorum
766 455 846 485 dicte
870 455 962 485 vallis
980 456 1114 486 Aruecte
1133 456 1229 486 habe-

276 513 346 538 reut
364 509 446 537 viam
463 508 501 536 ad
517 507 583 536 loca
597 508 738 545 ipsorum
755 507 836 537 dicte
851 507 942 537 vallis
960 517 1015 547 per
1029 508 1094 538 loca
1110 513 1139 538 et
1157 518 1229 547 spa-

275 562 324 591 cia
336 561 440 590 vicina
451 562 459 580 ¹
473 560 570 589 sacris
581 559 707 598 palatiis
718 560 841 590 domini
853 569 940 599 pape,
954 561 1047 599 septis
1059 561 1230 591 interclusa

278 622 441 643 murorum
467 621 639 648 novorum,
664 612 766 652 ipsam
791 613 874 642 viam
900 618 930 643 et
951 615 1002 652 ius
1025 615 1074 644 vie
1094 614 1230 653 predicte

276 666 425 696 refutavit
442 669 471 695 et
486 665 643 695 abdicavit
658 665 806 704 deinceps
826 666 1060 705 imperpetuum
1076 676 1093 696 a
1110 676 1229 697 massa-

278 720 335 749 riis
354 719 512 758 predictis,
529 723 558 748 et
573 719 669 755 dedit,
687 719 781 748 cessit
795 723 826 748 et
840 720 994 749 concessit
1012 720 1176 758 ipsnmjus
1193 729 1229 750 ac

277 773 360 802 viani
377 777 406 802 et
422 772 472 802 vie
489 777 649 801 terrenum
667 771 797 801 domino
816 772 990 802 camerario
1004 772 1141 811 predicto
1156 773 1228 811 jure

274 825 531 855 commutationis
550 829 580 854 et
598 824 731 861 cambii,
757 824 816 854 hec
837 825 1002 863 recipienti
1024 826 1152 855 nomine
1172 826 1228 855 do-

274 878 357 907 mini
369 886 446 916 pape
458 881 487 907 et
500 877 630 907 ecclesie
645 877 805 913 Romane,
823 877 861 907 ad
877 877 1059 907 habendum
1071 882 1100 907 et
1114 879 1227 908 sacien-

275 931 351 960 dum
370 930 445 960 inde
462 930 613 969 quicquid
628 929 784 968 placuerit
802 931 1046 969 imperpetuum,
1068 931 1155 960 nulla
1173 941 1226 970 pe-

274 983 363 1013 nitus
377 982 591 1013 reservatione
603 982 721 1022 habita,
732 982 805 1021 jure
818 987 871 1012 aut
885 983 971 1019 facti,
981 983 1019 1013 de
1029 983 1165 1022 predicta
1177 984 1227 1013 via

273 1036 367 1066 dictis
391 1036 554 1066 massariis
575 1040 605 1065 et
625 1036 858 1066 successoribus
875 1037 1069 1067 eorumdem.
1089 1037 1156 1073 Que
1176 1037 1227 1066 via

274 1093 340 1119 erat
353 1097 488 1128 pergens
502 1097 521 1118 a
535 1092 623 1127 porta
639 1088 798 1118 Viridaria
814 1098 902 1119 secus
916 1089 1030 1127 palatia
1048 1090 1184 1128 predicta
1199 1095 1229 1119 et

274 1151 382 1172 eorum
400 1142 608 1181 pertinentias
629 1141 669 1171 ab
687 1150 750 1171 uno
765 1141 861 1172 latere
877 1142 926 1172 vie
941 1142 1089 1181 predicte,
1108 1143 1146 1173 ab
1165 1143 1227 1173 alio

271 1195 369 1225 latere
384 1195 483 1234 ipsius
500 1195 551 1225 vie
568 1197 655 1225 erant
671 1195 765 1224 vinee
781 1195 978 1225 diversorum
995 1205 1056 1234 que
1068 1197 1132 1235 Jam
1153 1202 1227 1226 suut

274 1248 405 1279 ecclesie
417 1248 560 1278 Romane
576 1248 661 1277 intra
675 1257 803 1278 murum
820 1248 998 1278 hambitum
1013 1249 1096 1278 inter
1108 1249 1225 1279 virida-

274 1302 318 1331 ria
334 1301 458 1332 domini
471 1310 549 1340 pape
564 1304 594 1330 et
604 1301 656 1330 via
670 1306 699 1331 et
712 1301 790 1331 locis
804 1302 959 1340 ejusmodi
974 1302 1223 1340 comprehensis.

275 1354 436 1391 Quoniam
463 1363 552 1384 versa
576 1354 644 1384 vice
672 1354 821 1384 dominus
847 1355 1041 1384 camerarius
1068 1356 1225 1394 predictus

275 1407 407 1438 nomine
436 1407 559 1437 domini
588 1416 665 1445 pape
692 1412 722 1437 et
747 1406 878 1437 ecclesie
904 1408 1046 1437 Romane
1062 1417 1225 1447 compara-

272 1461 318 1490 vit
342 1466 371 1491 et
388 1461 462 1500 jure
482 1460 741 1490 commutationis
763 1465 793 1490 et
810 1461 926 1490 cambii
947 1461 1151 1498 restauravit,
1170 1461 1224 1491 de-

271 1515 319 1544 dit
350 1519 380 1544 et
403 1514 556 1544 concessit
580 1514 662 1543 dicto
687 1514 879 1552 procuratori
903 1523 957 1553 pro
980 1524 1012 1543 se
1036 1519 1064 1544 et
1094 1515 1224 1545 nomine

271 1568 427 1598 dictorum
445 1568 553 1606 utique
569 1567 792 1596 massariorum
809 1566 892 1597 dicte
910 1567 1002 1596 vallis
1018 1569 1154 1598 Arnecte
1169 1577 1224 1606 pro

274 1621 319 1650 eis
336 1624 365 1649 et
377 1619 609 1650 successoribus
625 1620 857 1658 imperpetuum
871 1619 968 1649 aliam
987 1621 1070 1649 viam
1087 1621 1224 1651 exterio-

271 1682 354 1709 rem,
378 1682 439 1712 que
458 1672 547 1710 larga
570 1672 662 1702 debet
686 1681 754 1702 esse
778 1672 886 1703 decem
909 1678 939 1702 et
960 1679 1028 1703 octo
1047 1673 1225 1712 palmorum

270 1726 508 1763 communium;
526 1734 589 1764 que
602 1730 710 1764 pergat
723 1725 1018 1765 apouticellojuxta
1033 1732 1156 1765 pratum
1169 1727 1225 1757 Ca-

269 1779 364 1809 licem
388 1783 419 1808 et
440 1778 639 1817 protenditur
661 1787 718 1808 seu
737 1779 830 1808 vadat
850 1783 934 1808 recta
958 1779 1043 1809 linea
1065 1790 1163 1819 nsque
1185 1781 1225 1811 ad

269 1840 410 1862 vasscam
427 1840 489 1870 que
503 1831 578 1861 olim
597 1831 656 1860 suit
673 1831 789 1870 Angeli
807 1831 976 1868 Burdenis,
994 1842 1055 1872 que
1069 1839 1114 1863 est
1133 1834 1224 1865 modo

270 1885 470 1923 infrascripte
487 1884 618 1914 ecclesie
639 1884 740 1914 sancti
761 1885 883 1923 Egidii3
904 1894 967 1924 qua
985 1886 1060 1916 dicti
1081 1887 1225 1917 massarii

268 1942 342 1968 eant
368 1938 402 1967 in
430 1936 546 1967 vallem
571 1937 743 1975 predictam
771 1942 800 1967 et
821 1938 860 1967 ad
885 1937 951 1968 loca
975 1947 1085 1968 eorum
1112 1940 1225 1971 exinde

268 1995 361 2030 prout
376 1991 454 2030 ipsis
475 1994 623 2029 perpetuo
647 1989 810 2029 placuerit.
828 1991 887 2021 Cui
908 1992 958 2021 vie
979 1992 1018 2022 ab
1043 2001 1106 2022 uuo
1128 1993 1225 2024 latere

269 2049 315 2074 est
329 2048 450 2074 torrens
467 2052 521 2073 seu
539 2043 692 2073 decursus
713 2052 792 2082 aque
809 2044 900 2082 juxta
925 2049 1047 2083 pratum
1070 2046 1222 2084 Calicem,

268 2101 298 2127 et
314 2096 400 2126 vadit
415 2101 498 2126 recta
513 2095 598 2125 linea
619 2096 658 2125 ad
677 2096 795 2126 dictum
818 2097 1040 2135 ponticellum,
1061 2105 1090 2128 et
1107 2100 1146 2129 ab
1161 2100 1224 2131 alio

267 2159 322 2189 per
337 2153 433 2180 totum
451 2154 526 2178 sunt
539 2149 743 2188 proprietates
756 2149 837 2180 dicte
850 2151 980 2181 ecclesie
992 2153 1092 2182 sancti
1106 2153 1221 2191 Egidii,

267 2208 298 2234 et
315 2204 340 2233 si
357 2204 411 2242 qui
430 2203 485 2232 alii
502 2208 576 2232 sunt
593 2203 745 2233 confines.
770 2204 872 2239 Quam
894 2205 978 2235 viam
1002 2211 1221 2246 restauratam,

267 2262 302 2287 ut
317 2257 436 2286 dictum
453 2260 498 2285 est
517 2255 667 2295 amplam,
687 2257 831 2295 promisit
850 2258 934 2288 idem
953 2259 1103 2291 dominus
1116 2270 1221 2292 came-

266 2310 370 2340 rarius
387 2317 440 2348 pro
461 2314 546 2348 parte
561 2309 685 2339 domini
705 2319 782 2348 pape
800 2315 830 2340 et
847 2311 977 2342 ecclesie
1001 2313 1142 2344 Romane
1160 2315 1221 2344 im-

266 2366 451 2402 perpetuum
470 2362 638 2392 defendere
661 2372 696 2392 ac
719 2369 926 2394 manutenere
945 2365 1038 2396 dictis
1058 2368 1221 2398 massariis

265 2420 296 2446 et
309 2415 544 2445 successoribus
560 2415 722 2454 pacificam
740 2422 769 2446 et
785 2416 909 2447 illesam
926 2423 956 2448 et
972 2419 1010 2448 ab
1026 2420 1115 2449 omui
1126 2429 1220 2459 ques-

265 2469 360 2505 tione,
380 2476 524 2507 persona,
542 2468 609 2498 loco
623 2473 652 2498 et
668 2470 884 2506 universitate,
904 2475 932 2501 et
950 2471 988 2501 de
1004 2472 1162 2503 evictioue
1175 2479 1219 2503 te-

264 2522 346 2551 neri.
362 2521 456 2551 Unde
471 2521 687 2560 promiserunt
702 2522 867 2554 hincinde
884 2534 938 2562 pro
955 2525 1001 2554 eis
1016 2531 1046 2555 et
1060 2535 1220 2557 successo-

265 2574 353 2604 ribus
389 2578 536 2613 perpetuo
569 2575 627 2604 hec
663 2577 770 2604 omnia
804 2582 870 2606 rata
906 2583 935 2606 et
973 2578 1064 2608 firma
1101 2584 1218 2616 tenere,

263 2627 441 2662 observare,
459 2627 646 2663 defendere,
665 2628 839 2667 adimplere
855 2634 884 2658 et
900 2634 1008 2660 contra
1024 2631 1113 2661 nullo
1128 2633 1220 2662 modo

263 2680 385 2716 venire,
401 2679 459 2708 sub
472 2679 665 2717 obligatione
682 2681 836 2710 bonorum
851 2686 881 2711 et
896 2691 975 2720 pena
991 2688 1118 2713 centnm
1135 2694 1219 2714 mar-

263 2732 396 2762 charum
423 2732 545 2769 argenti
567 2733 657 2770 puri3
685 2742 746 2771 qua
767 2733 884 2770 soluta,
905 2735 1137 2765 nichilominus
1161 2737 1219 2767 hec

262 2785 369 2814 omnia
387 2785 479 2813 firma
494 2791 710 2823 permaneant.
734 2786 782 2815 Ad
803 2786 861 2816 hec
881 2788 1031 2825 magister
1047 2788 1216 2828 Nicolaus‚
1231 2786 1242 2803 '

263 2842 364 2867 rector
377 2837 505 2867 ecclesie
519 2837 656 2876 predicte
672 2839 770 2868 sancti
787 2839 901 2877 Egidii,
917 2841 1076 2870 consensit
1088 2843 1217 2872 nomine

260 3003 282 3028 l.
300 3003 360 3029 Cozl.
380 3002 490 3029 vicinia.

1351 403 1432 434 dicte
1449 404 1581 434 ecclesie
1598 409 1628 434 et
1649 413 1704 443 pro
1717 414 1752 434 ea
1773 406 1805 434 in
1829 405 1978 435 omnibus
1994 406 2157 444 predictis,
2174 406 2213 436 de
2231 415 2307 437 con-

1351 457 1485 486 scientia
1501 461 1531 486 et
1547 457 1700 493 adsensu,
1722 461 1754 487 ut
1773 457 1899 494 dicitur,
1925 457 2002 487 dicti
2023 458 2146 488 domini
2163 468 2256 498 pape,
2275 464 2308 489 ut

1352 509 1509 548 predictus
1523 509 1674 539 dominus
1690 511 1883 540 camerarius
1897 515 1926 540 et
1940 510 2008 548 ipse
2019 514 2118 541 rector
2129 511 2306 549 affirmant3

1352 566 1382 591 et
1401 562 1434 591 in
1459 562 1598 600 predicta
1620 562 1669 592 via
1693 562 1837 592 restituta
1857 563 1948 592 dictis
1973 564 2137 593 massariis
2155 573 2208 594 seu
2224 564 2306 594 dicto

1351 614 1487 652 syndico
1503 619 1532 644 et
1548 614 1742 653 procuratori
1759 623 1814 653 pro
1829 615 1875 645 eis
1891 616 2089 645 renuntiavit
2103 620 2133 646 et
2149 617 2305 652 refutavit,

1350 666 1436 696 dedit
1448 672 1478 696 et
1488 668 1643 698 concessit
1658 668 1743 697 idern
1758 672 1858 698 rector
1869 677 1964 699 omne
1974 669 2026 707 jus
2037 669 2258 708 quodcumque
2271 678 2307 699 ac

1351 720 1563 750 tenimentum
1580 721 1663 760 quod
1680 721 1740 760 ipsi
1754 721 1887 751 ecclesie
1898 723 1997 752 sancti
2015 722 2122 760 Egidii
2135 727 2165 752 et
2177 723 2238 753 sibi
2252 731 2306 761 pro

1350 782 1386 802 ex
1409 773 1481 811 jure
1505 773 1648 812 quolibet
1673 774 1869 812 pertinebat3
1891 774 1963 805 ideo
1982 775 2066 814 quod
2088 776 2163 805 satis
2181 775 2262 805 bene
2278 780 2308 805 et

1351 825 1545 855 sufficienter
1562 835 1615 865 pro
1634 831 1720 865 parte
1735 827 1858 857 domini
1873 836 1950 866 pape
1961 828 2155 858 satisfactum
2169 828 2308 858 estdicto

1351 878 1466 909 rectori
1482 888 1536 918 pro
1556 880 1622 918 ipsa
1640 879 1770 909 ecclesia
1791 881 1829 910 de
1853 880 2020 919 predictis,
2046 880 2194 910 videlicet
2214 881 2306 910 resti—

1351 932 1468 962 tuendo
1485 941 1538 961 seu
1556 932 1758 962 concedendo
1776 933 1843 962 vice
1858 933 2070 971 predictorum
2086 933 2190 963 eidem
2206 933 2305 964 eccle-

1350 984 1394 1014 sie
1411 988 1533 1014 tantum
1546 989 1576 1014 et
1593 985 1651 1014 tale
1665 988 1825 1015 terrenum
1841 985 1879 1015 de
1891 985 2023 1016 ecclesie
2037 986 2180 1016 Romane
2195 986 2306 1024 acqui-

1349 1037 1417 1066 sitis
1439 1046 1511 1067 cum
1534 1037 1637 1067 vineis
1659 1042 1688 1068 et
1709 1038 1874 1068 arboribus
1895 1038 2015 1068 ibidem
2030 1062 2037 1075 ,
2062 1039 2101 1069 de
2122 1039 2238 1078 quibus
2261 1044 2307 1069 est

1349 1090 1452 1121 eidem
1473 1091 1603 1121 ecclesie
1626 1092 1725 1121 sancti
1750 1091 1856 1130 Egidii
1874 1092 1991 1121 obtime
2011 1097 2253 1131 conpensatum,
2273 1097 2306 1122 ut

1349 1153 1403 1182 per
1419 1152 1470 1173 me
1486 1143 1590 1182 ipsum
1609 1144 1814 1173 scriniarium
1833 1143 1924 1182 plene
1940 1148 2071 1174 constat.

1388 1197 1504 1226 Actum
1516 1197 1627 1233 Rome,
1641 1196 1675 1226 in
1687 1205 1812 1226 camera
1823 1197 1899 1227 dicti
1910 1197 2031 1227 domini
2043 1198 2209 1228 camerarii
2223 1198 2306 1237 apud

1347 1249 1512 1279 basilicam
1537 1249 1621 1279 beati
1644 1250 1750 1287 Petri,
1774 1250 1975 1288 presentibus
2001 1250 2132 1280 domino
2153 1251 2306 1289 magistro

1348 1301 1475 1332 Alberto
1501 1302 1653 1332 canonico
1679 1302 1762 1332 dicte
1786 1302 1916 1333 basilice
1931 1327 1937 1339 ‚
1966 1303 2117 1341 magistro
2143 1303 2242 1334 Paulo
2267 1304 2306 1334 de

1347 1354 1455 1389 Reate,
1477 1354 1608 1384 domiuo
1624 1355 1764 1385 Jordano
1782 1360 1901 1385 rectore
1916 1355 2047 1386 ecclesie
2063 1357 2165 1386 sancti
2181 1356 2305 1387 Nicolai

1346 1407 1385 1437 de
1401 1407 1591 1443 Monticulo,
1612 1407 1750 1446 dompno
1767 1409 1899 1438 Accacto
1914 1408 2099 1447 cappellano
2114 1409 2238 1440 domini
2253 1419 2306 1440 ca-

1345 1461 1475 1490 merarii
1491 1460 1634 1499 predicti,
1651 1460 1759 1490 Thura
1776 1461 1814 1491 de
1833 1461 1943 1497 Senis,
1965 1462 2059 1492 Ricco
2074 1462 2112 1492 de
2128 1463 2303 1500 Florentia,

1346 1513 1576 1543 mercatoribus
1586 1513 1771 1551 curialibus,
1780 1518 1810 1543 et
1818 1515 1968 1552 magistro
1977 1514 2076 1544 Paulo
2087 1515 2125 1545 de
2136 1516 2305 1545 Camerino

1345 1565 1528 1605 cappellano
1544 1566 1621 1596 dicti
1634 1566 1758 1596 domini
1773 1567 1952 1604 camerarii,
1973 1568 2102 1598 testibus
2119 1568 2158 1598 ad
2175 1568 2233 1599 hec
2249 1577 2303 1599 vo-

1346 1619 1423 1649 catis
1439 1623 1468 1649 et
1483 1619 1611 1658 rogatis.

1386 1673 1451 1711 Ego
1469 1672 1714 1711 Stephanus.....

1785 1787 1832 1816 26.

1385 1888 1444 1917 In¹
1462 1888 1591 1918 nomine
1608 1888 1749 1918 Domini.
1763 1888 1879 1918 Eodem
1894 1889 1943 1918 die
1955 1893 1985 1918 et
1997 1897 2102 1919 coram
2116 1889 2303 1928 infrascrip-

1348 1941 1385 1971 tis
1403 1941 1534 1970 testibus
1550 1946 1579 1970 et
1595 1950 1646 1971 me
1668 1942 1833 1971 scriniario
1849 1946 1878 1971 et
1901 1941 2030 1972 domino
2051 1941 2168 1972 Calisto
2181 1943 2302 1981 jndice,

1346 1994 1500 2024 discretus
1516 1993 1566 2023 vir
1581 1994 1730 2023 dominus
1747 1994 1910 2033 presbyter
1929 1994 2189 2032 Bartholomeus,
2206 2004 2302 2026 cano-

1345 2047 1436 2076 nicus
1452 2046 1581 2076 basilice
1603 2047 1758 2085 principis
1772 2047 1985 2085 apostolorum
2000 2047 2039 2077 de
2056 2048 2156 2086 Urbe,
2179 2048 2302 2078 domini

1344 2110 1423 2139 pape
1430 2101 1644 2139 cappellanus,
1655 2101 1807 2139 syndicus
1818 2106 1999 2139 procurator
2012 2110 2066 2131 seu
2076 2101 2220 2140 legitima
2231 2111 2302 2141 per-

1344 2162 1421 2184 sona
1435 2154 1516 2184 dicte
1533 2152 1661 2183 basilice
1679 2163 1714 2183 ac
1730 2153 1872 2193 ejusdem
1894 2154 2025 2193 capituli
2044 2154 2083 2184 ad
2099 2155 2301 2194 infrascripta

1343 2208 1453 2238 omnia
1470 2212 1500 2237 et
1518 2207 1647 2245 singula
1662 2207 1856 2246 perficienda
1870 2207 2037 2247 deputatus
2058 2208 2098 2238 ab
2120 2208 2230 2238 eodem
2245 2217 2299 2238 ca-

1343 2260 1445 2299 pitulo
1468 2265 1498 2290 et
1520 2260 1696 2299 specialiter
1711 2260 1894 2297 ordinatus,
1915 2261 1954 2290 de
1968 2262 2059 2300 cujus
2082 2261 2252 2300 syndicatu
2272 2265 2304 2292 et

1343 2313 1564 2353 procuratione
1580 2314 1618 2342 ad
1636 2313 1693 2343 liec
1714 2313 1815 2352 liquet
1836 2313 1965 2352 publico
1981 2313 2193 2345 instrumento
2210 2314 2302 2353 plene

1342 2367 1483 2396 confecto
1499 2376 1554 2406 per
1573 2366 1785 2404 Hngicionem
1801 2366 1840 2396 de
1861 2366 1960 2397 Pedio
1981 2371 2087 2396 sancte
2108 2366 2226 2397 Cecilie
2242 2376 2301 2406 pu-

1341 2420 1462 2450 blicum
1484 2420 1667 2450 auctoritate
1688 2419 1849 2458 imperiali
1867 2419 2044 2457 notarium,
2070 2429 2088 2449 a
2109 2430 2160 2451 me
2178 2420 2300 2456 notario

1341 2473 1513 2511 diligenter
1529 2473 1595 2514 viso
1611 2477 1641 2502 et
1663 2472 1761 2509 lecto,
1783 2472 1915 2502 nomine
1937 2472 2147 2511 predictorum
2167 2473 2300 2512 capituli

1342 2532 1371 2556 et
1386 2526 1516 2557 basilice
1532 2531 1562 2556 et
1577 2535 1631 2565 pro
1651 2526 1698 2556 eis
1717 2526 1756 2556 de
1774 2525 1903 2565 speciali
1924 2526 2073 2556 mandato
2093 2535 2221 2563 eorum,
2241 2535 2299 2557 nec

1342 2580 1411 2609 sine
1422 2580 1569 2609 couscien
1577 2580 1628 2616 tia,
1642 2584 1675 2609 ut
1685 2580 1795 2615 fertur,
1807 2579 1930 2608 domini
1942 2588 2019 2617 pape
2029 2579 2297 2618 snaquelicentffl,

1341 2637 1371 2662 et
1384 2632 1576 2663 venerabilis
1592 2633 1687 2671 patris
1703 2632 1825 2662 domini
1842 2631 1962 2662 Mathei
1978 2632 2088 2662 divina
2100 2633 2298 2671 providentia

1341 2689 1447 2715 sancte
1465 2685 1564 2716 Marie
1580 2686 1614 2715 in
1632 2685 1761 2715 Porticu
1777 2685 1902 2715 diaconi
1919 2684 2100 2722 cardinalis,
2118 2685 2298 2725 archipres-

1339 2738 1442 2776 byteri
1460 2738 1589 2768 basilice
1604 2738 1765 2777 prelibate,
1782 2742 1811 2768 et
1823 2738 1946 2768 domini
1960 2738 2046 2768 Petri
2059 2738 2179 2777 judicis
2195 2739 2296 2769 vicem

1338 2911 1359 2936 l.
1384 2910 1476 2936 Meme
1492 2910 1565 2937 date.
1587 2925 1620 2931 —
1641 2910 1678 2936 Le
1699 2910 1825 2944 cliapitre
1841 2910 1874 2936 de
1896 2909 2093 2936 Saint-Pierre
2110 2910 2181 2936 vend
2196 2918 2231 2936 au
2247 2918 2297 2937 ca-

1298 2959 1402 2985 meriei·
1422 2958 1528 2986 Berard
1549 2959 1646 2986 divers
1667 2961 1788 2986 terrains
1808 2968 1843 2986 au
1867 2959 1934 2985 nord
1956 2958 1990 2985 de
2014 2959 2039 2985 la
2061 2959 2199 2993 basilique
2216 2963 2294 2985 etan

1297 3008 1446 3042 voisinage
1463 3008 1499 3034 du
1518 3009 1606 3042 palais
1622 3008 1775 3043 pontifical.
