2455 3560
615 355 664 384 LE
688 355 832 385 LIBER
854 355 1085 386 CENSUUM
1110 356 1163 385 DE
1186 347 1371 386 L'EGLISE
1394 356 1601 387 ROMAINE.
2107 362 2144 393 53

113 420 270 457 merario,
291 421 454 459 recipienti
471 422 538 451 vice
554 425 583 450 et
605 422 735 452 nomine
754 421 875 451 domini
895 431 983 460 pape,
1001 423 1069 460 eJ'us

113 482 248 510 camere,
263 482 319 512 pro
337 475 480 504 Romana
497 474 630 504 ecclesia
646 475 899 514 imperpetuum,
918 475 1068 505 medieta-

115 531 175 556 tem
192 526 327 556 duarum
342 527 500 566 petiarum
519 528 696 562 vinearum,
711 528 792 557 vites
808 532 837 558 et
856 533 981 564 terram,
996 537 1069 558 cum

112 579 277 609 arboribus
296 580 468 610 fructiferis
487 585 517 610 et
531 581 740 610 infructiferis
757 581 839 610 infra
855 590 940 617 eam,
959 581 997 610 ad
1016 590 1070 610 ve-

113 642 180 662 ram
201 637 231 662 et
252 633 406 663 mundam
434 634 672 673 proprietatem,
700 634 816 673 positas
839 640 925 663 extra
948 639 1068 673 portam

111 686 252 715 Auream
276 686 309 715 in
333 691 440 716 monte
461 686 621 722 Geretulo‚
647 695 783 725 quarum
803 687 884 716 dixit
907 696 974 716 esse
993 686 1070 716 tales

110 738 264 768 confines.
284 739 333 768 Ab
350 747 413 768 uno
429 738 526 768 latere
543 743 588 768 est
607 739 675 775 via,
693 739 731 768 ab
746 739 819 768 aliis
837 743 921 768 tenet
938 738 1070 768 ecclesia

112 792 257 822 Romana
272 792 381 821 vineas
396 800 474 830 quas
489 791 565 822 olim
580 792 713 822 fuerunt
728 792 814 822 Petri
833 793 933 822 Burse
950 796 980 822 et
995 792 1071 822 dicti

114 844 238 879 tutoris,
251 845 328 874 etab
337 845 400 874 alio
409 844 755 881 estvicolusvicinalis3
768 845 806 874 ad
816 845 1000 874 habendum
1009 868 1068 874 .....

111 905 167 935 pro
184 898 283 935 pretio
302 901 332 926 et
354 897 485 927 nomine
504 897 597 936 pretii
621 897 736 935 viginti
757 898 892 927 duarum
914 897 1070 927 librarum

111 950 268 980 bonorum
282 951 540 989 proveniensium
557 956 704 987 senatus;
722 959 800 989 quas
818 951 902 980 idem
920 955 1004 981 tutor
1021 955 1069 980 tu-

113 1004 191 1033 10110
210 1004 340 1033 1101111116
363 1003 575 1042 predictorum
598 1004 792 1043 pupillorum
816 1008 847 1034 et
861 1012 916 1042 pro
932 1004 977 1033 eis
994 1012 1068 1034 con-

110 1057 214 1087 fessus
230 1061 276 1087 est
281 1080 340 1087 .....
361 1057 450 1093 Quod
469 1058 605 1096 pretium
618 1057 796 1096 depositum
814 1057 875 1087 suit
890 1057 972 1096 apud
984 1066 1068 1096 pres-

111 1110 259 1149 byterum
282 1110 439 1140 Mathiam
461 1111 651 1141 canonicum
674 1110 756 1140 dicte
778 1110 910 1140 basilice
931 1111 969 1140 ad
990 1119 1069 1149 opus

111 1168 142 1193 et
157 1163 326 1193 utilitatem
343 1164 500 1194 dictorum
519 1163 714 1203 pupillorum
734 1173 901 1203 quousque
916 1164 1066 1194 investia-

112 1221 162 1246 tur
187 1217 219 1246 iu
244 1225 277 1247 re
300 1217 457 1247 immobili
477 1226 531 1257 pro
555 1217 685 1248 eisdem.
709 1218 796 1254 Quas
818 1217 927 1247 vineas
932 1240 992 1246 .....
1020 1217 1068 1247 Ad

111 1269 170 1299 hec
193 1270 306 1299 Petrus
327 1270 436 1300 Morici
456 1270 494 1300 de
514 1271 638 1309 porticu
662 1270 763 1300 sancti
783 1270 883 1306 Petri,
907 1275 1019 1308 rogatu
1039 1275 1069 1301 et

111 1323 257 1362 precibus
274 1323 350 1352 dicti
369 1323 479 1353 tutoris
494 1323 654 1361 fidejussit
659 1345 718 1352 .....

150 1377 265 1406 Αο10111
290 1376 405 1412 Rome,
430 1375 512 1415 apud
536 1375 699 1406 basilicam
719 1376 801 1406 beati
827 1376 927 1413 Petri,
946 1377 978 1405 in
1002 1376 1068 1406 sala

111 1427 218 1468 palatii
235 1428 312 1458 dicti
328 1429 452 1459 domini
467 1429 645 1463 camerarii,
664 1433 808 1468 presente
827 1438 877 1459 me
897 1429 1067 1459 scriniario

112 1486 142 1512 et
157 1482 221 1512 hiis
239 1482 369 1512 testibus
384 1482 424 1511 ad
444 1482 503 1512 hec
518 1482 670 1512 adhibitis
691 1486 721 1512 et
737 1483 869 1520 rogatis,
892 1482 996 1512 silicet
1016 1483 1067 1512 do-

111 1536 201 1565 mino
216 1535 340 1575 Angelo
357 1535 443 1565 Petri
460 1535 579 1566 Mathei
596 1536 769 1572 causidico,
785 1536 914 1566 domiuo
929 1536 1068 1566 Maximo

108 1588 228 1627 judice,
239 1589 369 1619 domino
383 1589 475 1619 Petro
485 1588 550 1619 filio
561 1590 641 1627 eJus,
653 1589 781 1619 domino
790 1590 940 1627 magistro
950 1590 1067 1619 Jacoho

112 1642 150 1671 de
172 1642 287 1671 Parma
305 1642 419 1672 clerico
440 1651 565 1672 camere
580 1642 704 1672 domini
721 1651 798 1681 pape
821 1647 850 1672 et
872 1642 985 1681 Egidio
1002 1642 1065 1672 cle-

112 1695 177 1724 rico
194 1694 327 1724 ecclesie
339 1700 446 1725 sancte
458 1695 560 1724 Marie
572 1696 605 1724 in
623 1695 814 1725 Monticellis
827 1696 865 1725 de
878 1695 1064 1734 Aure[o]lis.

151 1747 269 1778 Eodem
285 1756 406 1784 mense,
424 1747 474 1777 die
490 1748 544 1783 X⁰‚
562 1748 597 1777 in
616 1748 775 1786 presentia
790 1748 852 1778 mei
867 1748 1027 1778 scriniarii
1038 1752 1068 1778 et

111 1800 226 1831 horum
248 1801 374 1830 testium
394 1800 432 1829 ad
453 1800 511 1830 hec
527 1800 706 1838 specialiter
725 1805 907 1830 vocatorum
926 1805 956 1830 et
975 1809 1066 1838 roga-

112 1858 232 1891 torum,
258 1853 389 1884 domina
415 1853 659 1888 Bonaventura,
694 1862 772 1883 uxor
801 1853 963 1892 quondam
993 1853 1066 1883 dicti

113 1907 254 1936 Davanzi
270 1911 299 1936 et
321 1912 422 1936 mater
437 1907 593 1937 dictorum
610 1906 816 1946 pupillorum,
836 1907 1001 1937 certiorata
1007 1929 1064 1936 .....

150 1961 267 1990 Actum
290 1959 329 1989 ad
347 1959 478 1990 domum
502 1959 716 1998 predictorum
735 1959 927 1999 pupillorum
944 1964 974 1990 et
990 1960 1067 1990 dicti

111 2013 241 2049 tutoris⁷
265 2021 369 2043 coram
387 2013 479 2043 Petro
500 2013 623 2043 domini
646 2013 763 2051 J‘udicis
786 2013 957 2052 Stephani,
990 2013 1066 2043 Lau-

109 2067 203 2097 rentii
222 2067 375 2102 Duranti‚
393 2071 422 2096 et
437 2066 588 2097 Johanne
606 2066 672 2096 filio
687 2066 762 2096 olim
780 2066 904 2097 Palorzi
923 2067 1064 2097 testibus.

150 2120 214 2157 Ego
227 2119 409 2158 Stephanus
414 2143 474 2150 .....

545 2232 591 2261 20.

151 2331 210 2360 1111
230 2330 362 2360 1101111116
387 2330 528 2360 Domini.
550 2332 645 2360 Anno
666 2330 796 2360 Domini
815 2330 985 2361 millesimo
1007 2331 1066 2362 du-

111 2384 302 2414 06016551ωο
318 2383 566 2422 septuagessimo
580 2386 698 2420 oetav0,
717 2387 855 2422 tempore
870 2384 994 2414 domini
1012 2386 1065 2415 Ni-

111 2437 190 2467 colai
205 2437 286 2467 tertii
303 2445 391 2475 pape,
409 2435 586 2466 indictione
602 2440 703 2471 sexta,
720 2445 830 2466 mense
843 2437 920 2466 maii
935 2437 986 2468 die
1004 2438 1064 2468 XI.

110 2490 249 2521 ‚Iacobus
264 2489 395 2519 Rubeus
410 2489 448 2519 de
463 2489 596 2527 regione
618 2488 780 2527 Parionis,
797 2489 874 2519 civis
890 2490 1065 2527 Romanus,

111 2552 167 2573 sua
181 2543 261 2573 bona
276 2547 306 2572 et
321 2546 496 2581 spontanea
510 2541 671 2572 voluntate
684 2541 780 2579 dedit,
795 2542 939 2572 vendidit
952 2548 982 2572 et
996 2552 1066 2573 con-

113 2596 207 2626 cessit
225 2595 398 2625 venerabili
420 2595 487 2624 viro
507 2594 637 2624 domino
659 2594 783 2632 Angelo
798 2594 836 2624 de
856 2595 1000 2626 Veczosis
1015 2605 1066 2626 ca-

113 2649 249 2678 merario
261 2648 386 2678 domini
399 2656 475 2687 pape
481 2670 539 2677 .....
554 2647 697 2687 quinque
708 2647 805 2687 petias
817 2648 982 2678 vinearum
994 2658 1066 2679 cum

109 2828 133 2855 1.
152 2827 180 2853 11
205 2826 260 2853 mai
279 2826 357 2854 1278.
373 2840 408 2846 —
422 2825 549 2860 Jacques
565 2825 702 2857 Rubeus,
720 2825 754 2852 de
769 2826 795 2852 la
810 2827 908 2862 region
929 2827 1064 2859 Pal-ione,

72 2875 146 2902 vend
163 2883 198 2902 au
215 2875 307 2901 meme
327 2874 464 2901 camerier
479 2875 545 2908 cinq
564 2873 662 2908 pieces
685 2874 719 2900 de
738 2874 833 2908 vigne,
855 2874 922 2909 qu’il
944 2875 1066 2910 possede

71 2932 107 2951 en
130 2931 264 2950 commun
285 2930 354 2949 avec
375 2923 405 2949 S.
429 2922 518 2949 Maria
540 2923 567 2948 in
590 2922 745 2949 Monticelli
764 2924 779 2948 a
803 2923 828 2949 la
850 2922 968 2958 Regula,
992 2925 1066 2951 sises

72 2973 139 3000 hors
154 2972 206 2999 des
222 2976 318 3007 portes
333 2972 431 2998 Aurea
447 2975 474 2997 et
488 2970 622 3002 Castello,
640 2972 706 3006 pres
722 2970 830 3005 l'eglise
846 2971 1066 2998 Sainte-Marie-

72 3021 240 3053 Madeleine,
254 3029 288 3047 au
302 3020 366 3056 pied
382 3019 420 3047 du
434 3023 529 3047 monte
546 3019 646 3054 Mario,
658 3020 673 3046 a
685 3019 852 3046 l'extremite
863 3019 899 3047 du
912 3019 1064 3047 Subereto.

1192 426 1287 458 terra,
1312 422 1431 452 vitibus
1451 428 1480 452 et
1501 425 1668 455 arboribus
1691 426 1859 457 fructiferis
1882 433 1912 457 et
1937 429 2144 460 infructiferis

1190 475 1272 504 infra
1284 484 1327 511 se,
1341 480 1454 504 etcum
1468 485 1568 513 vasca,
1582 478 1697 507 vascali
1710 483 1739 508 et
1753 479 1835 516 tino;
1848 490 1925 519 quas
1938 482 2046 512 vineas
2058 483 2142 513 idem

1191 528 1335 557 venditor
1362 537 1513 558 comunes
1536 530 1648 560 habuit
1672 541 1724 570 pro
1744 533 1883 563 indiviso
1911 544 1982 564 cum
2011 536 2142 566 ecclesia

1190 585 1297 610 sancte
1320 581 1417 610 Δ1111116
1439 581 1470 610 111
1497 583 1687 613 Monticellis
1707 585 1745 613 de
1762 586 1916 622 Aureolo,
1933 588 1971 617 ad
1988 598 2093 618 veram
2113 594 2144 619 et

1191 633 1344 662 mundam
1371 635 1608 672 proprietatem,
1634 637 1804 675 positarum
1834 644 1919 669 extra
1946 646 2048 678 portas
2076 644 2143 672 Au-

1191 695 1276 715 ream
1291 696 1344 715 seu
1362 687 1455 716 castri
1474 689 1573 717 sancti
1592 690 1707 727 Angeli
1719 715 1725 726 ‚
1745 700 1839 730 prope
1855 692 2019 723 ecclesiam
2037 700 2143 725 sancte

1191 739 1291 768 Marie
1317 740 1504 777 Magdalene
1521 742 1559 770 ad
1584 742 1675 780 pedes
1699 744 1815 773 montis
1837 745 1930 780 Mali,
1949 747 1981 775 in
2001 753 2141 778 extremo

1191 792 1348 827 Subereti,
1366 802 1503 830 quarum
1521 794 1600 823 dixit
1618 804 1684 824 esse
1702 795 1775 825 tales
1791 798 1941 827 confines.
1957 799 2005 829 Ab
2020 809 2083 830 uno
2100 801 2142 830 la-

1193 849 1255 874 tere
1278 849 1322 874 est
1346 849 1439 874 strata
1464 846 1625 883 Subereti,
1648 848 1686 877 ab
1710 848 1771 877 alio
1795 854 1877 879 tenet
1902 851 1984 881 dicta
2011 853 2142 883 ecclesia

1191 901 1297 926 sancte
1321 898 1421 927 Marie
1448 898 1481 927 in
1511 899 1719 937 Monticellis,
1748 901 1786 930 ab
1811 902 1874 932 alio
1898 904 2030 935 heredes
2050 906 2143 936 Pauli

1190 950 1375 987 Gottifredi,
1393 956 1422 980 et
1437 952 1475 981 ab
1491 951 1553 981 alio
1571 957 1617 981 est
1638 953 1690 982 via
1707 963 1767 992 que
1788 955 1872 985 vadit
1892 957 1928 985 ad
1951 957 2141 989 Suberetum

1191 1007 1220 1033 et
1239 1004 1404 1034 Johannes
1429 1006 1548 1041 Α111311,
1573 1006 1612 1034 ad
1639 1006 1821 1037 habendum
1827 1031 1887 1039 .....
1916 1019 1969 1048 pro
1989 1013 2089 1049 pretio
2113 1018 2142 1042 et

1190 1057 1323 1086 nomine
1352 1057 1443 1095 pretii
1473 1059 1673 1096 septuaginta
1703 1064 1770 1090 octo
1801 1060 1955 1092 librarum
1986 1064 2141 1095 bonorum

1190 1110 1455 1147 proveniensium
1484 1115 1623 1141 senatus.
1653 1112 1742 1147 Quod
1772 1114 1973 1151 pretium.....
2004 1116 2053 1146 Ad
2083 1117 2141 1147 hec

1189 1162 1353 1192 Johannes
1369 1163 1477 1192 Actari
1494 1163 1635 1202 ejusdem
1652 1165 1804 1202 regionis,
1824 1172 1931 1205 rogatu
1947 1173 1979 1198 et
1994 1170 2142 1208 precibus

1190 1215 1267 1244 dicti
1282 1216 1395 1245 ι1300111
1412 1216 1587 1246 venditoris
1606 1216 1825 1255 fidejussit.....

1229 1269 1344 1298 Actum
1362 1269 1477 1305 Rome,
1499 1269 1581 1308 apud
1604 1270 1768 1300 basilicam
1792 1271 1874 1302 beati
1896 1273 1998 1310 Petri,
2020 1275 2053 1304 iu
2077 1275 2143 1306 sala

1190 1321 1299 1361 palatii
1328 1322 1450 1352 domini
1472 1323 1654 1359 camerarii,
1683 1329 1826 1362 presente
1849 1334 1900 1355 me
1922 1327 2089 1358 scriniario
2113 1332 2143 1359 et

1188 1374 1254 1404 hiis
1280 1375 1410 1405 testibus
1433 1375 1471 1405 ad
1495 1375 1552 1406 hec
1575 1376 1726 1406 adhibitis
1752 1381 1782 1407 et
1810 1379 1940 1416 rogatis,
1965 1379 2064 1410 silicet
2086 1381 2142 1411 do-

1189 1427 1278 1457 mino
1294 1428 1388 1458 Petro
1405 1428 1532 1458 Rodulfi
1548 1429 1723 1466 causidico,
1743 1429 1873 1460 domino
1888 1431 2007 1462 Calixto
2020 1434 2140 1472 J‘udice,

1188 1481 1322 1511 Peczuto
1347 1485 1457 1519 nepote
1477 1481 1552 1511 dicti
1577 1482 1699 1512 domini
1716 1484 1900 1521 camerarii,
1923 1485 2017 1515 Petro
2038 1486 2140 1524 Busa,

1188 1534 1310 1563 civibus
1333 1535 1498 1571 Romanis,
1524 1540 1554 1564 et
1576 1534 1768 1566 Gualterone
1795 1537 1910 1567 clerico
1931 1542 1961 1567 et
1982 1538 2142 1570 familiare

1188 1587 1263 1616 dicti
1280 1587 1400 1617 domini
1416 1588 1583 1617 camerarii
1589 1611 1648 1618 .....

1229 1640 1293 1678 Ego
1309 1640 1490 1678 Stephanus
1494 1664 1553 1670 .....

1622 1754 1668 1783 21.

1229 1852 1266 1881 In
1286 1854 1294 1872 ¹
1329 1853 1458 1882 nomine
1491 1853 1635 1883 Domini.
1668 1855 1764 1884 Anno
1797 1854 1930 1885 Domini
1970 1856 2141 1888 millesimo

1188 1904 1424 1935 CCLXXVIII⁰
1428 1928 1487 1937 .....
1499 1915 1608 1935 mense
1621 1907 1707 1945 junii
1723 1907 1775 1937 die
1790 1908 1933 1946 septimo.
1951 1909 2143 1949 Compagius

1189 1963 1282 1988 natus
1304 1959 1465 1997 quondam
1489 1959 1610 1989 domini
1630 1959 1790 1990 Johannis
1807 1961 1935 1998 Lucidi,
1953 1962 1991 1992 de
2014 1964 2143 2001 regione

1188 2011 1295 2042 Sancti
1326 2012 1504 2049 Eustachii,
1531 2021 1587 2042 sua
1613 2012 1696 2043 bona
1723 2017 1753 2042 et
1779 2019 1950 2052 spontanea
1982 2017 2143 2048 voluntate

1187 2064 1295 2101 dedit,
1322 2064 1464 2094 vendidit
1486 2069 1516 2095 61
1539 2066 1696 2095 concessit
1721 2067 1897 2097 venerabili
1920 2068 1989 2099 viro
2011 2069 2143 2101 domino

1187 2117 1311 2155 Angelo
1336 2117 1374 2147 de
1396 2118 1543 2147 Veczosis
1567 2118 1742 2148 camerario
1765 2119 1889 2149 domini
1915 2130 1992 2159 pape
1997 2145 2056 2152 .....
2081 2127 2143 2153 tres

1187 2170 1286 2208 petias
1313 2174 1342 2200 et
1370 2170 1522 2200 dimidias
1549 2171 1733 2209 vinearum,
1761 2175 1876 2202 terram
1904 2177 2041 2212 tantum,
2071 2184 2143 2206 cum

1188 2231 1290 2260 vasca,
1310 2223 1442 2253 vasscali
1458 2228 1487 2254 et
1505 2224 1582 2260 tino,
1600 2224 1639 2254 ad
1655 2233 1763 2254 veram
1784 2230 1814 2255 et
1829 2226 1983 2256 mundam
1999 2229 2142 2267 proprie-

1188 2279 1298 2313 tatem,
1322 2277 1437 2315 positas
1453 2280 1539 2306 extra
1560 2281 1682 2315 portam
1700 2279 1840 2307 Auream
1862 2278 1895 2307 in
1919 2283 2025 2310 monte
2043 2280 2142 2311 Gere-

1188 2328 1270 2366 tulo,
1287 2337 1424 2368 quarum
1443 2329 1521 2358 dixit
1542 2338 1609 2359 esse
1632 2329 1709 2372 tales
1725 2330 1878 2361 confines.
1897 2331 1947 2361 Ab
1966 2341 2029 2363 uno
2044 2333 2143 2365 latere

1189 2387 1273 2412 tenet
1288 2381 1420 2412 ecclesia
1434 2382 1581 2412 Romana
1599 2383 1708 2412 vineas
1732 2383 1811 2413 olim
1832 2383 1956 2414 domini
1976 2385 2143 2418 Laurentii

1187 2435 1275 2465 Petri
1286 2435 1450 2465 Laurentii
1465 2444 1542 2474 quas
1554 2444 1656 2474 nuper
1669 2437 1746 2466 emit
1760 2436 1799 2466 ab
1814 2436 1986 2467 heredibus
2004 2440 2086 2476 suis,
2103 2440 2142 2470 ab

1187 2487 1249 2518 alio
1260 2492 1335 2518 sunt
1347 2489 1433 2518 muri
1444 2488 1551 2526 urbis,
1568 2488 1607 2518 ab
1625 2488 1687 2519 alio
1702 2489 1833 2519 basilica
1849 2490 1931 2520 beati
1942 2491 2044 2529 Petri,
2059 2497 2088 2522 et
2103 2493 2142 2523 ab

1187 2541 1250 2570 alio
1263 2545 1309 2570 est
1325 2541 1460 2577 vicolus;
1473 2541 1512 2570 ad
1522 2540 1705 2571 habendum
1712 2564 1771 2571 .....
1784 2551 1839 2581 pro
1852 2543 1953 2581 pretio
1968 2548 1997 2573 et
2011 2546 2143 2576 nomine

1187 2594 1279 2632 pretii
1311 2595 1474 2632 sexaginta
1504 2593 1659 2624 librarum
1693 2595 1849 2625 bonorum
1882 2597 2142 2634 proveniensium

1188 2652 1328 2677 senatus.
1346 2647 1436 2683 Quod
1453 2647 1590 2686 pretium
1596 2670 1654 2678 .....

1186 2826 1207 2852 1.
1225 2827 1239 2851 Τ
1252 2826 1317 2860 juin
1336 2825 1411 2852 1278.
1431 2840 1463 2844 —
1480 2824 1668 2861 CompagiuS,
1689 2826 1733 2852 fils
1756 2826 1790 2852 de
1809 2827 1880 2853 Jean
1903 2827 2038 2864 Lueidus,
2060 2830 2094 2856 de
2116 2832 2142 2858 la

1147 2873 1245 2908 region
1262 2873 1510 2904 Saint-Eustache,
1528 2873 1601 2899 vend
1612 2882 1648 2900 au
1664 2875 1755 2900 meme
1766 2876 1904 2902 camerier
1918 2878 1988 2903 trois
2002 2878 2099 2913 pieces
2113 2884 2142 2906 et

1147 2921 1238 2948 demie
1254 2922 1288 2948 de
1306 2922 1400 2955 vigne,
1417 2922 1525 2948 5110665
1541 2922 1608 2948 11015
1630 2923 1655 2948 13
1673 2926 1754 2956 porta
1769 2925 1869 2958 Aurea,
1887 2933 1937 2950 sur
1951 2925 1977 2951 le
1993 2932 2072 2954 mont
2085 2927 2141 2954 Ge-

1146 2970 1266 2997 retulus.
1283 2985 1315 2989 —
1331 2970 1346 2996 8
1358 2970 1434 3004 juin.
1450 2969 1630 2997 Ratification
1647 2979 1697 3006 par
1711 2971 1736 2997 la
1751 2972 1853 2998 femme
1869 2977 1896 2999 et
1912 2975 1937 3000 la
1954 2974 2005 3001 bru
2021 2976 2058 3002 du
2073 2984 2143 3003 ven-

1146 3019 1226 3047 deur.
