2455 3560
647 353 696 382 1AE
718 352 863 383 LIBER
884 351 1116 383 CENSUUM
1139 351 1194 381 DE
1216 341 1401 381 L'EGLISE
1423 351 1632 382 ROMAINE.
2139 352 2177 382 69

139 417 233 444 tolicis
249 417 401 444 contrariis
415 426 593 452 nequaquam
609 418 792 445 obstantibus
805 418 963 445 concedere
974 418 1100 453 predicta

139 466 307 493 auctoritate
324 470 420 493 nostra
436 467 553 498 curetis,
571 467 686 502 proviso
701 466 775 501 quod
792 467 977 493 canonicatus
991 470 1019 492 et
1037 474 1100 501 pre-

141 515 231 541 bende
245 523 279 542 ac
293 515 458 549 dignitates,
477 520 646 550 personatus
660 520 687 542 et
703 516 803 549 officia,
820 524 875 550 que
891 516 934 542 sic
949 523 981 542 se
996 515 1102 541 absen-

141 566 234 590 tantes
250 563 276 589 in
293 563 368 590 dicta
379 564 503 590 ecclesia
519 567 588 590 tunc
601 564 779 593 obtinebunt,
797 564 900 590 debitis
917 564 1028 590 interim
1046 571 1100 589 non

140 611 308 637 fraudentur
336 612 496 646 obsequiis.
528 611 587 638 Nos
617 613 692 638 enim
722 613 832 638 irritum
862 612 1045 638 decernimus
1074 615 1102 637 et

139 660 223 685 inane
245 660 268 686 si
285 668 371 686 secus
393 668 480 694 super
496 660 551 686 hiis
575 669 590 686 a
611 668 770 695 quoquam,
794 661 895 694 quavis
916 660 1100 690 auctoritate,

138 708 264 734 scienter
286 709 328 734 vel
353 709 528 742 ignoranter,
545 709 698 743 contigerit
719 709 888 742 attemptari.
908 708 1011 735 Datum
1029 708 1101 734 Avi-

140 757 235 787 nione,
252 758 335 783 nonis
350 757 477 790 augusti,
493 757 676 791 pontificatus
692 759 780 784 nostri
797 765 871 783 anno
887 757 1024 783 secundo.

173 805 293 840 Sumpta
309 809 354 832 est
369 806 404 831 de
423 810 551 840 regesti-o
567 810 595 832 et
607 806 763 832 concordat
778 814 842 832 cum
859 805 968 831 eodem.

740 854 834 881 Guido
848 854 882 881 de
897 854 1031 880 Pestello.

589 943 615 969 5.

174 1032 281 1057 Anno¹
309 1041 324 1057 a
354 1032 500 1058 nativitate
527 1031 641 1057 Domini
667 1031 817 1057 millesimo
847 1030 1101 1063 GCCmoLXXHto,

139 1080 322 1115 pontificatus
344 1079 452 1106 domini
475 1081 565 1107 nostri
586 1080 693 1106 domini
715 1080 846 1114 Gregorii
870 1089 941 1115 pape
962 1080 1005 1106 XI
1028 1088 1102 1106 anno

139 1128 238 1161 tercio,
251 1132 279 1155 et
294 1129 339 1155 die
351 1128 450 1154 XVII*
462 1129 571 1155 mensis
580 1128 687 1161 aprilis,
701 1128 835 1154 dominus
846 1128 1004 1160 Johannes,
1014 1129 1102 1154 abbas

140 1178 304 1204 monasterii
321 1177 509 1204 Mollimensis
522 1177 632 1204 ordinis
647 1178 738 1204 sancti
750 1176 900 1204 Benedicti
912 1177 1103 1211 Lingonensis

138 1227 280 1260 diocesis,
297 1234 347 1260 pro
364 1234 395 1252 se
411 1230 439 1252 et
454 1227 628 1253 monasterio
644 1234 697 1252 suo
714 1227 845 1260 promisit
859 1226 925 1252 dare
947 1230 974 1252 et
993 1227 1103 1252 solvere

138 1275 260 1302 ecclesie
287 1275 416 1301 Romane
444 1275 528 1301 annis
556 1275 682 1308 singulis
712 1276 738 1301 in
769 1275 841 1301 festo
868 1274 1103 1301 Resurrectionis

140 1324 253 1350 Domini
272 1332 355 1350 unani
374 1324 485 1350 unciani
503 1324 574 1349 auri.

591 1426 616 1452 ὃ.

174 1513 324 1548 Exemptio
338 1518 350 1534 2
372 1514 536 1540 monasterii
562 1514 655 1540 sancti
676 1513 808 1548 Eugendi
828 1513 962 1539 Jurensis
983 1513 1103 1548 Lugdu-

139 1563 238 1589 nensis
267 1563 407 1594 diocesis,
436 1566 464 1589 et
491 1563 576 1589 debet
607 1563 672 1589 dare
701 1571 812 1589 camere
842 1563 998 1597 apostolice
1028 1570 1103 1589 anno

139 1612 267 1646 quolibet
282 1620 370 1638 unum
387 1612 528 1638 florenum
540 1613 602 1638 auri
617 1612 652 1638 de
664 1611 813 1638 Florenria
826 1612 854 1638 in
869 1613 939 1638 testo
955 1612 1103 1638 beatorum

140 1659 216 1686 Petri
229 1664 257 1686 et
273 1660 364 1687 Pauli.

176 1709 352 1735 Benedictus
365 1709 520 1744 episcopus
538 1717 640 1735 servus
657 1717 805 1735 servorum
818 1708 871 1735 Dei
887 1709 921 1735 ad
937 1713 1103 1744 perpetuam

141 1758 180 1784 rei
201 1758 379 1784 memoriam.
396 1757 487 1784 Sedes
503 1758 659 1792 apostolica
674 1766 836 1792 quanquam
852 1759 979 1784 omnium
995 1762 1023 1784 et
1043 1758 1103 1784 sin-

139 1806 271 1840 gulorum
287 1807 382 1832 tocius
397 1806 476 1832 orbis
492 1805 679 1832 ecclesiarum
695 1809 723 1831 et
739 1805 978 1832 monasteriorum
995 1807 1104 1841 princi-

141 1858 237 1890 patum
255 1854 395 1886 obtineat⁷
417 1858 445 1880 et
462 1854 518 1880 sibi
539 1853 709 1888 disponente
732 1854 854 1880 Domino
877 1855 935 1881 sint
957 1855 1102 1889 subjecta,

141 1903 276 1929 nonnulla
290 1906 382 1928 tamen
400 1911 435 1928 ex
450 1902 492 1928 eis
507 1903 650 1929 interdum
663 1902 719 1929 sibi
734 1903 898 1937 specialiter
911 1903 1007 1930 subdit
1022 1911 1055 1929 ac
1071 1911 1104 1930 ca

139 1961 155 1978 a
175 1952 368 1986 quorumlibet
391 1955 530 1986 potestate
551 1952 680 1978 eximens
698 1952 869 1986 quibusdam
886 1952 1002 1978 honoris
1022 1956 1051 1978 et
1070 1952 1104 1978 li-

142 2000 284 2027 bertatum
301 2001 490 2034 prerogativis
505 2000 672 2034 amplificat,
689 2000 798 2026 faciens
818 2001 880 2034 ipsa
895 2001 956 2026 fore
971 2000 1060 2026 libera
1076 2004 1104 2026 et

140 2053 284 2083 exempta,
303 2052 332 2075 ut
347 2048 424 2075 sedis
440 2048 571 2082 ejusdem
588 2048 694 2075 sufulta
710 2048 844 2083 presidiis
857 2052 885 2074 et
897 2049 950 2075 sub
962 2050 1026 2083 ejus
1038 2057 1104 2083 pro-

140 2098 273 2125 tectionis
286 2102 412 2132 protecta
428 2098 520 2132 clipeo
534 2098 561 2124 in
578 2097 684 2132 quietis
700 2101 728 2124 et
744 2098 823 2132 pacis
838 2098 991 2124 amenitate
1006 2099 1103 2132 quies-

138 2151 204 2173 cant
221 2152 249 2173 et
264 2147 347 2172 donis
366 2147 534 2181 apostolicis
557 2146 753 2180 multipliciter
771 2150 941 2180 augeantur.
966 2145 1104 2172 Volentes

138 2197 234 2231 itaque
251 2196 455 2222 monasterium
481 2195 573 2222 sancti
590 2195 720 2229 Eugendi
735 2194 868 2222 Jurensis
889 2195 996 2221 ordinis
1011 2195 1102 2221 sancti

139 2244 289 2271 Benedicti
305 2244 509 2278 Lugdunensis
525 2243 660 2275 diocesis,
679 2251 787 2270 necnon
805 2244 946 2278 prioratus
961 2248 988 2270 et
1002 2243 1102 2270 domos

138 2293 172 2320 ad
189 2301 316 2319 mensam
330 2293 498 2318 abbatialem
515 2295 544 2318 et
559 2292 680 2318 dilectos
691 2292 766 2318 filios
781 2296 955 2318 conventum
972 2292 1101 2326 ejusdem

140 2342 307 2368 monasterii
323 2341 497 2372 immediate,
517 2340 709 2367 communiter
722 2340 764 2366 vel
775 2340 910 2367 diversim
926 2341 1102 2375 pertinentes

139 2390 305 2425 apostolicis
317 2389 428 2416 munire
444 2389 577 2424 presidiis
593 2394 621 2415 et
633 2389 778 2415 favoribus
793 2397 826 2415 ac
841 2389 947 2423 graciis
962 2389 1101 2416 honorare

141 2559 166 2586 ¹.
187 2559 218 2585 17
232 2557 302 2584 avril
315 2557 393 2584 1373.
405 2571 440 2577 —
452 2556 603 2582 Promesse
619 2555 654 2582 de
666 2563 736 2582 cens
751 2564 800 2590 par
815 2556 905 2582 l'abbe
919 2556 954 2582 de
968 2555 1099 2584 Moleme.

103 2606 168 2634 Une
187 2611 253 2633 note
275 2606 429 2632 semblable
450 2605 541 2640 figure
561 2604 625 2638 deja
646 2604 717 2630 dans
735 2603 761 2630 la
779 2604 852 2630 table
873 2604 924 2631 des
939 2612 1022 2638 cens,
1038 2608 1059 2630 t.
1076 2604 1098 2638 1,

102 2656 272 2738 p'21.9(l)³iice,
290 2703 322 2730 18
336 2711 412 2729 mars
430 2702 506 2729 1405.
526 2715 562 2722 —
583 2701 621 2727 Le
644 2709 716 2736 pape
739 2700 842 2727 Benoit
860 2700 933 2727 XIII
956 2701 1102 2728 reconnait

103 2752 285 2787 l'exemption
309 2751 348 2778 du
370 2751 531 2777 monastere
552 2749 587 2776 de
610 2749 640 2777 S.
656 2749 755 2784 Oyand
770 2749 804 2775 de
819 2749 909 2781 Joux,
927 2753 1101 2784 moyennant

101 2809 174 2828 cens
192 2801 295 2827 annuel
315 2800 382 2826 d'un
402 2799 485 2826 ssorin
505 2799 576 2825 d'or.
596 2798 759 2825 Document
774 2798 834 2825 vise
849 2806 898 2833 par
912 2806 968 2825 une
985 2801 1051 2824 note
1066 2797 1100 2824 de

103 2849 131 2876 la
145 2849 220 2876 table
234 2848 286 2876 des
301 2856 371 2875 cens
387 2857 421 2874 en
438 2856 471 2874 ce
487 2847 660 2879 manuscrit,
677 2845 837 2880 ci-dessus‚
852 2849 873 2873 t.
889 2845 913 2881 1,
930 2855 957 2881 p.
974 2846 1024 2873 108
1039 2847 1064 2873 b.

1218 417 1378 451 condignis.
1393 421 1423 443 ut
1435 425 1555 451 persone
1570 418 1596 444 in
1613 418 1655 445 eis
1669 410 1805 452 degentes
1815 426 1849 445 eo
1861 419 1994 445 libentius
2007 419 2176 446 ministeriis

1218 465 1322 491 divinis
1355 466 1506 499 insistant,
1536 466 1697 501 dictamque
1731 468 1827 494 sedem
1862 468 1978 502 majoris
2014 468 2175 495 devotionis

1218 513 1440 548 promptitudine
1456 514 1588 541 studeant
1604 516 1725 542 revereri
1741 524 1797 550 quo
1813 517 1875 550 ipse
1890 521 1918 543 et
1933 517 2040 551 prefata
2056 524 2176 543 monas-

1217 561 1319 587 terium
1333 584 1338 592 ,
1356 562 1498 596 prioratus
1515 568 1541 589 et
1557 563 1661 590 domus
1682 566 1781 598 majori
1798 565 1902 592 fuerint
1917 566 2046 592 libertate
2063 566 2156 592 dotata
2167 588 2173 597 ,

1218 609 1432 640 monasterium.
1442 612 1583 645 prioratus
1592 617 1620 638 et
1628 613 1728 639 domos
1736 614 1909 648 hujusmodi,
1918 614 2071 641 dummodo
2078 615 2173 649 aliqua

1218 658 1402 692 parrochialis
1415 660 1536 686 ecclesia
1553 669 1606 687 non
1625 662 1719 695 suerit,
1737 670 1788 688 nec
1805 671 1858 689 non
1875 664 2006 690 abbatem
2021 664 2070 698 qui
2085 668 2131 690 est
2147 667 2176 690 et

1219 707 1271 732 erit
1292 715 1341 740 pro
1365 711 1491 741 tempore
1510 708 1577 735 dicti
1594 711 1759 737 monasterii
1775 718 1807 736 ac
1823 712 1946 746 prefatos
1960 716 2133 738 conventum
2148 716 2178 739 et

1219 762 1356 788 personas
1371 757 1555 788 monasterii,
1572 759 1747 791 prioratuum
1764 765 1791 786 et
1810 760 1957 787 domorum
1981 760 2173 795 predictorum

1218 803 1246 828 in
1260 803 1302 829 cis
1314 804 1450 830 virtutum
1464 803 1583 831 Domino
1597 806 1776 841 famulantes,
1793 813 1942 842 presentes
1958 814 1985 835 et
2001 809 2123 839 tuturos.
2140 809 2175 836 ab

1219 851 1845 886 omniju1·isd·'ctione‚dominio,visitatione.
1857 858 2064 892 procuratione,
2077 861 2176 892 potes-

1219 903 1286 932 tate,
1304 901 1494 935 subjectione,
1511 904 1675 929 cobet-tione
1690 908 1718 930 et
1733 906 1928 939 compulsione
1943 906 2068 940 qualibet
2085 914 2175 932 vene-

1219 948 1347 975 rabilium
1365 950 1482 976 fratrum
1501 955 1660 977 nostrorum
1679 952 1884 987 archiepiscopi
1903 953 2104 987 Lugdunensis
2124 962 2174 989 pro

1219 1000 1346 1031 tempore
1356 999 1506 1024 existentis
1515 1007 1547 1025 ac
1558 1000 1683 1026 omnium
1693 1006 1719 1026 ct
1727 1002 1904 1033 singulorum
1916 1003 2137 1036 patriarcharum
2148 1006 2176 1029 et

1219 1046 1337 1072 aliorum
1354 1047 1651 1082 archiepiscoporum,
1666 1050 1875 1083 episcoporum,
1892 1051 2172 1083 archidiaconorum,

1218 1095 1529 1130 archipresbyterorum
1553 1101 1581 1122 et
1601 1098 1719 1124 aliorum
1739 1098 1868 1132 judicum
1894 1099 2119 1130 ordinariorum,
2138 1108 2175 1126 ex

1219 1148 1297 1169 certa
1326 1145 1458 1174 scientia,
1482 1146 1650 1172 auctoritate
1675 1147 1844 1180 apostolica,
1875 1148 1907 1173 de
1936 1149 2051 1182 speciali
2082 1149 2174 1182 gratia.

1219 1200 1338 1226 prorsus
1355 1193 1508 1219 eximimus
1525 1198 1552 1219 ct
1572 1195 1694 1220 totaliter
1710 1194 1878 1227 libermnus,
1898 1197 2013 1230 ipsaque
2030 1201 2175 1223 monaste-

1220 1241 1303 1271 rium,
1320 1242 1462 1275 prioratus
1479 1246 1507 1268 ct
1522 1242 1624 1269 domus
1639 1251 1671 1269 ac
1687 1244 1815 1269 abbatem
1833 1250 1858 1269 et
1878 1249 2050 1271 conventum
2066 1249 2094 1271 et
2110 1254 2175 1280 per-

1219 1298 1306 1316 sonas
1327 1291 1355 1316 in
1378 1291 1428 1324 jus
1451 1294 1478 1316 et
1502 1293 1701 1325 proprietatem
1719 1293 1791 1318 beati
1815 1292 1889 1318 Petri
1913 1299 1940 1319 et
1963 1294 2016 1319 sub
2037 1298 2132 1320 nostra
2148 1298 2177 1321 et

1219 1337 1293 1364 dicte
1313 1338 1391 1364 sedis
1412 1340 1587 1373 protectione
1609 1341 1798 1375 suscipimus.
1821 1350 1854 1366 ac
1875 1342 1956 1368 nohis
1971 1347 1998 1368 et
2018 1342 2092 1369 dicte
2115 1343 2176 1369 sedi

1219 1385 1366 1412 dumtaxat
1390 1387 1550 1413 immediate
1574 1388 1697 1414 subesse
1720 1389 1908 1423 subditosque
1931 1395 1959 1416 et
1983 1391 2132 1424 subjectos
2147 1392 2176 1417 in

1220 1439 1387 1469 perpetuum
1411 1436 1470 1462 fore
1490 1436 1671 1463 decernimus
1692 1443 1720 1463 et
1739 1438 1823 1464 etiam
1844 1439 2022 1466 ordinamus:
2041 1440 2077 1466 ita
2101 1439 2177 1474 quod

1219 1484 1303 1510 iidem
1319 1485 1566 1520 archiepiscopus,
1583 1487 1739 1520 patriarche
1755 1491 1783 1513 et
1798 1487 1844 1513 alii
1860 1488 2081 1522 archiepiscopi,
2099 1490 2177 1523 epis-

1219 1533 1293 1567 copi,
1310 1533 1518 1565 archidiaconi,
1535 1535 1774 1569 archipresbyteri
1790 1539 1818 1561 et
1829 1536 1944 1569 judices
1959 1537 2066 1563 ratione
2082 1536 2177 1563 delicti

1219 1581 1260 1606 vel
1279 1586 1444 1609 contractus
1465 1587 1514 1609 aut
1538 1584 1579 1609 rei
1600 1583 1634 1610 de
1649 1592 1704 1618 qua
1718 1585 1828 1618 agitur.
1853 1585 2024 1620 ubicumque
2044 1587 2176 1613 commit-

1219 1634 1294 1657 tatur
1308 1630 1460 1664 delictum,
1477 1632 1602 1659 inhiatur
1621 1637 1785 1659 contractus
1804 1637 1852 1660 aut
1874 1643 1920 1661 res
1938 1635 2000 1669 ipsa
2020 1636 2174 1667 consistat,

1220 1687 1274 1705 non
1291 1680 1402 1714 possint
1418 1681 1446 1706 in
1463 1682 1682 1712 monasterium,
1700 1682 1841 1716 prioratus
1860 1686 1888 1709 et
1907 1683 2017 1715 domos,
2034 1684 2176 1718 abbatem,

1219 1732 1390 1754 conventum
1411 1732 1439 1754 et
1460 1737 1597 1763 personas
1612 1729 1975 1764 predictajuridictionem,
1996 1735 2177 1766 potestatem,

1219 1777 1410 1804 visitationem
1424 1799 1431 1811 ‚
1456 1778 1680 1813 subJectionem,
1707 1780 1900 1807 cohertionem
1913 1802 1920 1813 ,
1950 1782 2178 1816 compulsionem

1219 1833 1271 1852 seu
1287 1825 1443 1852 dominium
1456 1826 1550 1860 aliqua
1560 1835 1709 1858 exercere;
1721 1827 1879 1855 districtius
1894 1829 2057 1856 inhibentes
2068 1830 2178 1857 archie-

1219 1874 1337 1909 piscopo
1362 1874 1563 1908 Lugdunensi,
1594 1876 1761 1911 patriarchis
1790 1881 1818 1903 et
1846 1877 1908 1904 aliis
1936 1878 2176 1914 archiepiscopis,

1219 1924 1373 1958 episcopis,
1385 1924 1601 1954 archidiaconis,
1619 1925 1874 1960 archipresbyteris
1889 1930 1917 1953 et
1928 1926 2076 1960 J'udicibus
2091 1935 2178 1963 sepe-

1219 1972 1303 1999 dictis
1333 1981 1368 2001 ne
1396 1974 1451 2007 ipsi
1481 1978 1580 2000 contra
1609 1978 1734 2000 tenorem
1764 1976 1953 2009 exemptionis
1981 1980 2009 2002 et
2037 1976 2179 2003 liberatio-

1219 2021 1264 2047 nis
1287 2021 1453 2055 hujusmodi
1475 2021 1579 2056 aliquid
1602 2026 1768 2056 attemptare
1791 2028 1972 2057 presumant;
1989 2023 2178 2051 decernentes

1218 2078 1252 2096 ex
1279 2078 1355 2096 nunc
1377 2070 1487 2096 irritum
1511 2075 1539 2097 et
1561 2071 1645 2096 inane
1667 2072 1692 2097 si
1707 2079 1794 2097 secus
1809 2072 1966 2105 superbiis
1985 2081 2001 2098 a
2021 2081 2174 2107 quoquam,

1218 2118 1319 2152 quavis
1330 2119 1507 2152 auctoritate,
1521 2120 1646 2145 scienter
1656 2120 1698 2145 vel
1710 2119 1883 2153 ignoranter.
1895 2121 2177 2155 contigeritattemp-

1218 2168 1287 2199 tari3
1305 2167 1397 2193 felicis
1414 2167 1618 2193 recordationis
1632 2167 1791 2194 innocentii
1807 2176 1878 2202 pape
1891 2168 1947 2194 1111
1964 2168 2177 2202 predecessoris

1219 2215 1309 2241 nostri
1334 2215 1409 2242 circa
1432 2219 1582 2250 exemptos
1609 2215 1685 2241 edita
1712 2224 1767 2250 que
1792 2217 1891 2250 incipit
1919 2216 2033 2243 Volentes
2060 2221 2088 2244 et
2112 2218 2176 2245 aliis

1217 2263 1470 2290 constitutionibus
1490 2264 1655 2298 apostolicis
1675 2265 1826 2291 contrariis
1843 2273 1897 2291 non
1915 2265 2095 2292 obstantibus
2109 2267 2176 2301 qui-

1216 2312 1405 2346 buscumque.
1421 2311 1562 2338 Volumus
1577 2316 1671 2338 autem
1687 2312 1762 2346 quod
1777 2313 1852 2339 idem
1870 2313 1957 2340 abbas
1972 2318 1999 2340 et
2014 2318 2176 2341 conventus

1215 2362 1244 2387 in
1269 2360 1383 2395 signum
1413 2365 1547 2395 pei-cepte
1573 2361 1714 2387 libertatis
1740 2365 1768 2387 et
1791 2362 1981 2396 exemptionis
2008 2363 2175 2397 hujusmodi

1216 2418 1303 2436 unum
1328 2409 1467 2435 florenum
1490 2410 1550 2435 auri
1571 2409 1606 2435 de
1625 2409 1772 2436 Florencia
1796 2411 1823 2436 in
1848 2410 2001 2436 festivitate
2023 2411 2172 2438 beatorum

1215 2459 1290 2485 Petri
1310 2462 1338 2484 et
1356 2457 1434 2484 Pauli
1452 2458 1645 2492 apostolorum
1661 2466 1734 2484 anno
1749 2458 1875 2492 quolibet
1890 2467 2002 2485 camere
2017 2460 2175 2494 apostolice

1214 2507 1325 2533 solvere
1340 2510 1499 2532 teneantur.

1249 2555 1326 2581 Nulli
1348 2563 1416 2589 ergo
1435 2555 1552 2581 omnino
1570 2554 1721 2580 hominum
1741 2555 1826 2581 liceat
1839 2555 1913 2582 hanc
1928 2556 2058 2590 paginam
2075 2560 2173 2583 nostre

1213 2603 1420 2637 exemptionis,
1437 2603 1633 2633 liberacionis,
1650 2602 1843 2637 susceptionis
1854 2624 1860 2635 ,
1877 2603 2080 2634 ordinationis.
2096 2604 2174 2631 inhi-

1213 2651 1344 2682 bitionis,
1361 2651 1574 2677 constitutionis
1593 2654 1622 2677 et
1638 2650 1793 2677 voluntatis
1808 2651 1963 2686 infringere
1976 2653 2019 2678 vel
2039 2653 2079 2686 [ei]
2097 2661 2173 2680 ausu

1213 2700 1364 2727 temerario
1379 2700 1531 2726 contraire.
1548 2699 1578 2726 Si
1593 2700 1658 2734 quis
1669 2703 1763 2726 autem
1775 2700 1829 2726 hoc
1839 2704 2006 2735 attemptare
2021 2709 2174 2736 presump-

1214 2749 1294 2781 serit,
1320 2748 1545 2782 indignationem
1569 2748 1773 2783 omnipotentis
1796 2747 1850 2774 Dei
1875 2753 1902 2775 et
1926 2749 2073 2776 beatorum
2095 2749 2175 2777 Petri

1215 2801 1243 2824 et
1260 2797 1338 2824 Pauli
1361 2797 1555 2832 apostolorum
1579 2798 1643 2831 eJus
1667 2805 1699 2823 se
1720 2797 1830 2824 noverit
1849 2798 2044 2824 incursurum.
2066 2798 2172 2826 Datum

1215 2845 1310 2876 Nicie,
1329 2843 1386 2871 XV
1402 2844 1454 2871 kal.
1471 2844 1583 2880 aprilis,
1608 2844 1791 2879 pontificatus
1813 2846 1902 2872 nostri
1917 2853 1992 2872 anno
2008 2846 2172 2874 undecimo.
