2455 3560
640 343 690 372 LE
714 343 860 372 LIBER
882 342 1115 372 CENSUUM
1139 342 1193 372 DE
1218 333 1403 371 L'IJJGLISF:
1427 341 1636 371 ROMAINE.
2144 340 2181 372 73

128 418 178 445 per
195 417 238 436 me
252 408 295 435 vel
310 409 396 436 alium
415 409 443 435 in
464 416 648 443 quocumque
668 416 736 434 casu
755 408 841 434 nichil
863 408 997 442 recipiam
1015 415 1067 434 nec
1083 416 1098 434 a

130 458 203 484 meis
217 456 390 483 officialibus
407 457 450 482 vel
467 456 657 483 familiaribus
676 455 763 490 recipi
779 455 940 490 permittam
954 455 988 481 ab
1004 456 1098 490 aliqua

129 513 251 540 persona
268 504 302 530 de
318 504 423 531 ducatu
443 504 571 539 predicto
592 512 643 531 seu
667 512 850 538 quacumque
871 511 994 538 persona
1007 503 1099 529 unde-

127 561 254 587 cumque
279 556 373 585 esset,
394 561 451 586 que
473 560 596 587 persona
618 552 733 578 aliunde
759 552 907 585 [exilstens
933 559 1028 577 coram
1054 559 1099 577 me

127 601 172 627 vel
189 608 252 626 mea
268 600 347 626 curia
366 600 483 626 baberet
507 600 621 634 aliquod
647 600 793 633 negotium
816 599 952 634 expedire
973 598 1048 633 quod
1065 598 1098 624 ad

127 657 224 676 meum
249 648 371 674 officium
398 648 570 682 pertineret,
591 648 749 674 esculentis
779 651 806 673 et
830 647 1010 682 poculentis¹
1036 654 1099 681 pre-

127 696 214 723 dictis
230 696 360 730 exceptis
368 696 389 721 ².

164 743 335 778 Supradicta
350 744 446 769 omnia
462 746 490 769 et
507 744 619 777 singula
634 744 769 778 promitto
786 748 812 770 ct
826 744 894 777 juro
909 743 1056 769 attendere
1072 747 1100 769 et

127 792 282 820 observare
307 795 335 817 et
357 791 464 818 attendi
489 795 515 818 et
535 792 680 819 observari
703 792 796 818 lacere
817 791 880 818 sine
900 792 977 817 omni
992 791 1056 817 dolo
1072 794 1100 817 et

127 839 227 868 fraude
247 847 281 866 ac
304 839 425 865 malicia.
444 838 493 865 Sic
510 848 555 865 me
576 839 654 866 Deus
671 839 789 874 adjuvet
805 843 833 865 et
855 839 907 865 bec
927 843 1026 865 sancta
1047 838 1100 865 Dei

129 887 287 922 evangelia.
305 902 337 905 —
355 886 424 913 Mar.
441 886 486 912 Ad
503 887 656 913 familiares
673 887 781 913 domini
798 895 869 921 pape
883 887 1099 920 juridictionem

129 944 222 962 meam
239 937 302 962 sine
319 935 436 969 speciali
455 936 585 961 mandato
601 935 708 961 domini
727 944 796 970 pape
814 936 857 961 vel
873 936 937 969 ejus
953 935 1100 961 camerarii

127 985 308 1018 aliquatenus
326 991 381 1009 non
397 984 562 1010 extendam.

163 1034 249 1058 Autre
274 1032 351 1056 ηιαίη
377 1041 384 1057 ;
407 1031 438 1057 In
463 1032 562 1058 eodem
588 1032 671 1058 modo
689 1033 798 1066 juravit
821 1032 956 1058 dominus
973 1031 1102 1057 Jacobus

91 1202 130 1237 5⁰
155 1200 236 1236 Sur
263 1200 315 1236 les
331 1200 509 1249 ξ[ἕςιιῐίίθτδ
537 1199 583 1234 (le
608 1198 733 1247 {sarde
760 1198 811 1234 du
838 1201 1170 1234 commencement.

585 1353 610 1379 9.

167 1435 384 1460 lustramentum
409 1418 655 1465 aculens-acorum,
678 1434 922 1466 mappulariorum
944 1435 967 1458 el
992 1433 1104 1458 cubicu-

130 1482 303 1516 llarilorum.

164 1530 382 1565 Reproduction
399 1531 432 1556 de
450 1531 474 1556 la
491 1530 570 1564 piece
588 1536 619 1556 n⁰
632 1529 767 1561 LXVIII,
787 1534 806 1556 t.
825 1530 846 1560 Ι,
864 1539 891 1564 p.
909 1530 970 1557 34⁴3.

582 1620 622 1645 10.

166 1699 235 1726 Hii³
255 1705 324 1726 sunt.
344 1700 534 1733 fidejussores
554 1708 627 1734 quos
647 1700 726 1726 dedit
747 1700 882 1726 dominus
897 1700 1046 1726 Conradus
1068 1700 1102 1726 de

133 1748 289 1775 Antiochia
313 1748 427 1774 domino
450 1757 538 1782 pape,
560 1748 674 1781 quando
699 1749 751 1774 fuit
777 1749 810 1774 de
835 1757 948 1775 carcer-s¹
974 1748 1102 1774 Ecclesie

130 1796 280 1824 liberatus,

166 1844 314 1871 Johannos

166 1893 318 1928 Philippus

166 1940 326 1968 Rainaldus
342 1942 376 1968 de
393 1942 538 1973 Antonio,

167 1990 300 2016 Matlieus
317 1991 351 2016 de
369 1990 463 2024 Luco,

364 1870 471 1896 domini
488 1869 691 1896 Brancaleonis
708 1870 742 1895 de
760 1870 914 1900 Romania,

133 2143 158 2169 l.
177 2143 334 2175 Enlrelt'ync
353 2153 359 2169 :
378 2144 403 2169 in
421 2144 548 2169 casibus.

131 2191 158 2219 2.
173 2192 215 2217 En
231 2199 323 2224 marye
338 2191 426 2218 :Jura
443 2192 536 2226 ipsius
552 2193 676 2218 ecclesie
694 2193 785 2226 perire
803 2194 844 2218 vel
862 2194 950 2219 minui
968 2194 994 2218 in
1010 2194 1104 2226 aliquo

96 2246 153 2265 non
176 2239 337 2273 permittam
353 2248 358 2270 ς
375 2239 462 2265 immo
480 2240 524 2265 illa
538 2239 688 2265 defendam
705 2240 771 2266 totis
786 2240 914 2268 viribus:
932 2245 960 2266 et
973 2241 1107 2275 ll‘sssslssss

96 2286 212 2314 domino
239 2289 398 2322 apostolico
424 2289 589 2321 significare
616 2286 740 2319 ct11·abo;
769 2297 821 2315 nec
848 2290 874 2314 in
903 2290 955 2315 boc
979 2289 1104 2315 deferam

97 2337 299 2362 communitati
323 2345 375 2363 nec
398 2337 539 2370 singulari
562 2345 684 2371 persone
710 2345 762 2363 nec
783 2337 891 2363 officiali
914 2338 955 2363 vel
975 2338 1021 2364 alii
1042 2339 1106 2364 cui-

98 2391 235 2417 cumque.
259 2383 411 2419 Expensas
431 2385 515 2410 micbi
539 2394 554 2411 a
575 2385 691 2411 domino
716 2394 787 2419 papa
809 2390 918 2411 taxatas
939 2386 973 2411 de
994 2394 1106 2412 camera

97 2439 152 2458 sua
176 2436 286 2458 tantum
313 2434 448 2466 recipiam
479 2437 506 2458 et
538 2441 592 2459 non
625 2434 706 2459 ultra.
730 2434 799 2459 Sine
827 2434 958 2460 mandato
985 2443 1038 2459 suo
1064 2435 1106 2460 vel

97 2481 276 2506 conscientia
302 2481 344 2506 vel
367 2482 480 2506 licentia
505 2482 621 2515 speciali
645 2482 763 2515 negocia
783 2490 894 2507 camere
911 2482 1017 2507 domini
1037 2491 1107 2516 pape

99 2529 264 2563 specialiter
287 2530 363 2555 circa
388 2535 503 2564 recepta
524 2535 552 2555 et
569 2538 712 2564 expensas
727 2531 946 2556 communicabo
964 2531 1020 2556 illis
1035 2538 1108 2564 quos

98 2578 208 2602 tantum
225 2577 259 2603 ad
272 2577 325 2603 hoc
342 2578 477 2604 dominus
497 2578 663 2612 specialiter
680 2578 837 2612 deputabit,
853 2587 903 2604 nec
915 2579 1026 2604 occulte
1044 2587 1109 2612 pre-

99 2624 174 2651 dicta
190 2625 291 2651 faciam
311 2626 365 2652 nisi
383 2627 453 2652 forte
473 2627 498 2652 in
516 2627 612 2660 aliquo
627 2626 710 2652 vellet
727 2627 799 2652 idem
814 2627 948 2652 dominus
959 2627 1107 2652 occultari.

135 2673 161 2700 3.
189 2673 264 2700 1ἳ68.
288 2689 321 2693 -
345 2673 456 2700 Com-ad
481 2675 670 2706 u'Autioche,
695 2675 740 2700 fils
763 2674 829 2700 d’un
857 2675 953 2700 batard
979 2674 1013 2700 de
1039 2674 1111 2700 Fre-

98 2721 178 2748 dei-ic
199 2721 244 2756 Il,
268 2723 358 2749 suivit
380 2724 405 2749 la
426 2723 540 2749 fortune
561 2723 596 2749 de
619 2723 775 2750 Coun-adin.
798 2724 891 2757 Apres
908 2723 932 2749 la
950 2723 1060 2749 bataille
1076 2724 1111 2749 de

98 2768 293 2803 Tagiiacowo,
307 2771 325 2796 il
342 2771 385 2796 fut
402 2772 462 2805 pris
481 2780 529 2805 par
547 2771 589 2797 les
605 2780 678 2805 gens
693 2771 728 2797 de
743 2770 861 2797 Cbarles
877 2771 1002 2805 d·AnJou
1019 2775 1047 2797 et
1061 2780 1112 2797 eu-

99 2816 189 2843 fei-me
204 2819 220 2843 a
233 2816 328 2844 Castel
341 2818 397 2844 San
413 2818 509 2844 Pietro
523 2827 592 2845 avec
608 2820 650 2845 les
667 2825 766 2845 autres
782 2819 863 2845 chefs
878 2819 912 2844 de
928 2819 1111 2853 l'expedition

96 2864 236 2899 gibeline.
254 2866 322 2892 Seul
339 2866 450 2892 d'entre
468 2876 523 2893 eux
543 2867 560 2893 il
579 2868 672 2893 obtint
688 2868 712 2893 la
728 2867 838 2900 liberte,
856 2875 926 2893 sous
942 2867 966 2893 la
982 2868 1112 2901 gai-antio

98 2911 152 2939 des
177 2921 338 2947 personnes
361 2917 534 2941 enumerees
557 2916 604 2942 ici.
628 2928 663 2935 -
682 2914 765 2941 Cette
787 2916 867 2950 pi'cee
889 2919 933 2941 est
962 2915 996 2941 de
1020 2916 1112 2941 meme

101 2961 179 2988 main
194 2969 250 2996 que
267 2962 290 2987 la
309 2962 453 2989 suivante.

241 3035 326 3063 Lmen
347 3036 489 3064 Ceusuuu.
509 3051 546 3058 —
563 3037 602 3065 11.

1213 406 1437 433 Confarenerins
1453 415 1550 433 comes
1566 406 1731 441 campanie.

1250 454 1280 480 ln
1300 455 1400 481 eodem
1423 455 1506 480 modo
1525 456 1633 489 juravit
1653 455 1788 481 dominus
1807 455 1941 481 Thadeus
1961 462 2058 481 comes
2075 455 2182 481 Montis

1215 502 1305 534 Filtri,
1322 504 1490 536 capitaneus
1507 504 1667 537 patrimonii
1684 503 1757 529 beati
1777 502 1851 529 Petri
1869 503 1895 528 in
1912 503 2027 529 Tuscia.

1250 552 1334 576 Auli-e
1351 552 1428 576 main
1448 560 1455 576 :
1480 550 1510 576 In
1535 555 1714 577 sacramento
1735 551 1959 577 vicecancellarii
1976 550 2120 577 adduntur
2139 551 2182 577 in·-

1216 598 1381 632 trascripta,
1403 599 1513 624 scilicet
1531 609 1536 624 ε
1562 608 1574 623 α
1596 598 1629 624 Et
1649 599 1783 625 officiales
1801 608 1833 624 ac
1858 599 2012 625 familiares
2036 606 2114 624 meos
2132 600 2182 632 ju-

1217 650 1345 672 ramento
1368 647 1524 679 astringam
1548 647 1581 672 ad
1603 656 1634 672 ea
1655 647 1865 680 servandaque
1885 647 1918 672 ad
1943 647 2094 680 puritatem
2113 654 2182 672 can-

1215 694 1329 720 cellarie
1353 699 1380 720 et
1405 695 1577 720 niundiciam
1606 696 1807 728 pertinebunt:
1835 695 1937 721 nullam
1955 695 2039 721 etiam
2057 695 2182 720 lictorem

1217 742 1316 768 bullari
1334 743 1435 768 faciam
1452 751 1536 776 quam
1555 752 1602 776 per
1619 752 1662 768 mc
1677 752 1730 769 non
1751 744 1856 777 possim
1873 752 1907 769 ex
1923 743 2080 769 commisso
2097 743 2180 769 michi

1216 790 1307 816 officio
1331 790 1465 824 expedire
1488 791 1596 824 absque
1622 791 1728 816 domini
1755 800 1824 825 pape
1849 791 1981 817 mandato
2004 792 2045 816 vet
2069 792 2182 816 licentia

1217 838 1352 872 speciali;
1381 839 1484 864 nullam
1504 839 1619 872 insuper
1643 840 1763 865 litteram
1781 840 1915 872 expedire
1931 839 2048 865 tardabo
2072 840 2114 864 vel
2138 839 2181 864 fa·-

1216 887 1289 912 ciam
1313 886 1447 912 retardari
1468 888 1591 919 alicujus
1615 888 1720 920 gratia.
1739 887 1886 920 precibus,
1909 888 1984 912 dono
2008 888 2048 912 vel
2071 888 2182 917 fav0re;

1219 935 1376 968 peticiones
1398 935 1440 959 vel
1465 934 1602 960 beneficia
1627 943 1675 968 per
1699 944 1742 960 me
1764 936 1804 960 rel
1826 944 1875 968 per
1890 936 1975 961 alium
1994 943 2045 961 seu
2064 944 2113 969 pro
2130 935 2185 960 alio

1219 990 1273 1008 non
1293 982 1426 1016 recipiam
1445 990 1496 1008 nec
1511 991 1524 1007 a
1543 983 1614 1008 ineis
1636 983 1802 1008 officialibus
1826 983 1868 1008 vol
1891 983 2079 1009 familiaribus
2095 983 2184 1016 recipi

1219 1031 1381 1064 permittam
1400 1031 1454 1056 nisi
1473 1031 1507 1055 de
1525 1031 1616 1064 ipsius
1633 1031 1739 1056 domini
1757 1040 1826 1064 pape
1844 1031 1956 1057 licentia
1972 1031 2098 1065 speciali.
2119 1043 2130 1054 n

1255 1349 1317 1376 Odo
1331 1349 1365 1375 dc
1380 1349 1517 1379 Pittaleo,

1256 1397 1391 1423 dominus
1407 1398 1582 1423 Octavianus
1597 1397 1632 1422 de
1650 1397 1797 1427 Rubiano,

1256 1445 1391 1471 dominus
1411 1446 1513 1472 l'etrus
1528 1446 1562 1472 de
1579 1445 1685 1476 David,

1256 1494 1391 1520 dominus
1408 1493 1544 1519 Nicolaus
1561 1493 1711 1520 Serraceni
1723 1514 1729 1525 ‚

1256 1542 1383 1568 Jacobus
1397 1542 1503 1568 domini
1522 1541 1603 1575 Ursi,

1245 1592 1391 1617 *dominus
1406 1592 1559 1617 Scolionus
1575 1591 1609 1616 de
1625 1590 1771 1620 Civitclla,

1257 1640 1304 1665 filii
1322 1639 1429 1665 domini
1447 1639 1580 1673 Magaloti
1597 1638 1631 1664 dc
1648 1638 1786 1670 Civitclla,

1256 1688 1392 1714 dominus
1410 1687 1552 1720 Roget-ius
1568 1686 1602 1712 de
1620 1686 1746 1716 ltoiano,

1257 1738 1390 1763 dominus
1407 1735 1551 1762 Berardns
1566 1735 1600 1760 de
1619 1734 1701 1760 Polo.

1255 1785 1384 1812 Jacobus
1399 1785 1433 1810 de
1448 1785 1564 1818 Scarpa,

1257 1835 1391 1860 dominus
1405 1833 1528 1867 Symeon
1687 1836 1691 1857 1

1257 1883 1392 1909 dominus
1411 1881 1590 1907 l'ercevallus

1257 1931 1392 1958 dominus
1407 1930 1582 1955 Tliolomeus

1256 1980 1390 2006 dominus
1407 1978 1528 2004 Amicus
1718 1975 1752 2000 de
1768 1974 1903 2006 Subiaco,

1257 2028 1382 2061 Symeon
1404 2024 1509 2050 domini
1529 2023 1661 2049 Graciani

1260 2075 1392 2101 Fruolfus

1257 2123 1406 2149 Joliannos
1422 2120 1537 2147 Orlandi

1258 2172 1406 2197 Jolmnncs
1422 2170 1456 2195 (le
1473 2169 1633 2195 Cantorano

1258 2220 1387 2246 Jacobus
1401 2220 1569 2244 Sei-monete

1260 2268 1427 2302 Raynaldus
1443 2266 1584 2291 Joliannis
1599 2264 1770 2290 Sermonem
1826 2289 1860 2314 dc
1878 2287 2009 2313 An‘wniq

1262 2316 1369 2342 Paulus
1385 2315 1491 2340 domini
1509 2314 1650 2339 „iohannis
1927 2306 1959 2321 ιζ’
1995 2305 2002 2312 “
2019 2307 2025 2318 ’

1262 2365 1407 2397 Rogerins
1423 2362 1528 2388 domini
1549 2361 1624 2386 Petri

1262 2413 1397 2439 dominus
1416 2411 1558 2444 Roget-ius
1577 2409 1656 2435 Buxa

1678 2505 1718 2529 ll.

1264 2597 1439 2631 Gregorius·
1465 2597 1621 2629 episcopus
1644 2600 1746 2619 servus
1768 2598 1916 2617 servorum
1943 2588 1992 2614 Dei
2015 2587 2119 2613 dilecto
2141 2586 2197 2611 filio

1231 2646 1317 2673 nobili
1333 2646 1391 2671 viro
1401 2644 1516 2670 domino
1528 2643 1562 2668 de
1577 2642 1666 2667 Turre
1679 2641 1801 2666 salutem
1815 2642 1843 2664 et
1855 2636 2040 2671 apostolicam
2057 2634 2198 2660 benedic-

1231 2695 1349 2721 tionem.

1235 2862 1258 2887 1.
1286 2860 1363 2886 tiit.
1387 2873 1421 2879 —
1445 2857 1583 2890 Gregoire
1607 2854 1634 2880 X
1658 2853 1767 2887 enjoint
1787 2860 1822 2877 an
1848 2851 1984 2884 seigneur
2007 2848 2041 2874 de
2064 2847 2100 2873 La
2123 2847 2200 2872 Tour

1196 2909 1233 2935 du
1251 2908 1304 2935 Pin
1322 2912 1350 2933 et
1365 2909 1380 2932 a
1396 2906 1525 2931 diverses
1541 2907 1637 2929 autres
1652 2902 1791 2928 auton-itus
1807 2899 1841 2924 de
1859 2906 1893 2924 ne
1917 2905 1967 2932 pas
1984 2900 2085 2922 mettre
2101 2895 2200 2920 obsta-

1196 2959 1241 2985 cle
1257 2965 1293 2984 au
1312 2954 1528 2982 ravitaillemcnt
1544 2952 1578 2977 de
1595 2952 1620 2976 la
1635 2949 1724 2976 curie.

2030 3018 2059 3044 10
