2402 3592
189 345 205 373 to

209 344 226 374 4
730 343 779 372 LE
803 343 945 372 LIBER
968 341 1200 372 CENSUUM
1224 342 1277 371 DE
1300 331 1486 371 L'E'JGLISE
1509 341 1718 372 ROMAINE.

230 409 462 448 eminentia[1n]
501 409 560 439 loci
599 414 627 438 et
661 418 817 447 aquarum
854 409 1022 438 fluentium
1061 409 1184 447 copiam

231 462 404 501 frigidioris
436 462 518 492 aeris
557 462 673 500 potitus
707 461 882 500 obsequio,
915 461 1002 499 longi
1037 461 1185 499 temporis

229 516 386 554 spatiuin¹
409 514 577 552 percurrit,
597 514 716 543 ibidem
741 514 848 544 multis
872 520 902 544 et
926 515 1022 544 variis
1046 514 1186 544 Ecclesie

231 568 366 606 negotiis
398 567 560 605 expeditis.
587 566 650 596 Ubi
678 566 773 596 etiam
797 567 927 596 fratrem
955 567 1108 597 Jacobum
1139 571 1186 597 to-

231 621 294 650 tius
321 620 483 658 religionis
512 625 541 648 et
566 619 721 649 modestie
751 620 872 656 virum,
901 621 1010 650 Trium
1036 620 1185 650 Fontium

233 679 304 703 tunc
327 673 482 708 abbatem,
500 672 672 710 assumpsit
690 673 722 701 in
743 673 923 712 episcopum
947 673 1183 702 Penestrinum.

232 727 321 756 Tunc
336 726 429 755 castri
446 725 590 754 Mirande
607 725 771 762 dominos,
792 734 869 764 quos
885 725 1098 755 hereticorum
1116 726 1185 755 fau-

234 784 324 814 tores,
352 777 467 816 publici
495 777 663 807 violatores
689 778 814 808 itineris
842 783 872 808 et
896 779 1040 808 falsarios
1067 778 1186 817 papalis

231 831 316 861 bulle
345 840 380 860 ac
410 831 546 860 fraudati
570 831 810 861 nummismatis
837 840 1033 870 percussores
1061 831 1186 870 publica

229 884 389 914 deferebat
404 884 549 919 infamia,
571 884 728 914 mandatis
745 885 811 922 ejus
828 893 936 922 parere
953 884 1096 913 nolentes
1114 893 1185 914 cns-

232 937 311 967 todie
337 937 546 975 mancipavit,
575 938 790 967 munitionem
820 938 922 976 ipsam
950 939 1014 975 jam
1044 941 1187 975 potenter

229 991 386 1020 obsessam
411 990 544 1019 ecclesie
567 991 708 1019 Romane
732 991 849 1020 faciens
869 991 1036 1028 assignari.
1062 991 1186 1027 Quibus

233 1043 450 1081 postmoduin²
468 1048 595 1082 paterna
615 1044 726 1082 pietate
749 1053 948 1083 compassus,
967 1054 1017 1074 sex
1040 1044 1131 1074 milia
1147 1044 1187 1074 li-

230 1096 370 1130 brarum,
389 1096 592 1125 dominarum
611 1102 640 1126 et
654 1096 856 1135 parvulorum
874 1097 1089 1133 subventioni,
1105 1097 1161 1135 qui
1175 1099 1186 1118 ³

231 1149 311 1178 sicut
326 1158 343 1178 a
365 1148 457 1187 culpa
476 1149 520 1178 sic
537 1158 554 1178 a
576 1158 656 1187 pena
679 1150 866 1179 videbantur
888 1151 1064 1185 immunes,
1081 1159 1116 1180 ac
1133 1158 1187 1189 pro

229 1201 330 1240 ipsius
357 1202 544 1232 munitionis
571 1202 747 1232 voluntaria
782 1203 980 1232 exhibitione
1011 1204 1186 1241 concessit,

231 1255 375 1292 singulos
395 1254 627 1285 nichilominus
650 1256 816 1285 beneficiis
841 1256 1060 1293 singularibus
1078 1265 1187 1295 prose-

232 1312 333 1337 cutus.
355 1308 570 1337 Romanorum
590 1310 683 1338 etiam
704 1310 876 1338 exercitum
902 1310 934 1338 in
960 1310 1186 1340 exterminium

233 1363 405 1401 Campanie
430 1368 668 1402 properantem,
692 1364 729 1393 de
754 1369 854 1394 castro
876 1365 1102 1395 Montissortini
1125 1374 1188 1404 quo

233 1417 295 1454 Jam
313 1422 514 1455 pervenerat,
534 1417 627 1445 trium
652 1417 860 1446 cardinalium
883 1417 1036 1456 obsequio
1054 1426 1132 1457 quos
1148 1418 1187 1447 ad

231 1477 282 1498 eos
298 1469 526 1505 destinaverat,
546 1478 609 1499 non
628 1470 745 1508 absque
769 1480 936 1499 innuerunt
960 1471 1188 1501 intercessione

233 1522 399 1551 revocavit.
416 1522 537 1551 Ibidem
550 1527 654 1551 autem
669 1532 778 1552 mense
936 1524 1059 1552 beatum
1074 1524 1186 1553 Domi-

233 1575 338 1604 nicum
359 1576 494 1613 primum
514 1576 681 1605 reverendi
699 1576 821 1606 ordinis
838 1578 1026 1615 magistrum
1045 1583 1074 1607 et
1094 1578 1187 1607 insti-

234 1633 364 1657 tutorem
389 1628 581 1664 almificum,
607 1630 697 1667 cujus
721 1630 820 1659 vitam
842 1630 997 1660 mii-acula
1020 1632 1188 1661 subsecuta

235 1681 465 1715 monstrabant,
485 1682 521 1710 de
538 1682 770 1712 venerabilium
790 1683 920 1712 fratrum
943 1689 972 1712 et
995 1684 1188 1722 prelatorum

233 1733 366 1764 consilio
385 1734 417 1762 in
436 1739 616 1764 sanctorum
635 1735 799 1773 cathalogo
814 1736 987 1765 adnotavit.

276 1788 319 1816 17.
344 1804 380 1809 —-
404 1788 496 1817 Sexto
519 1789 636 1826 quippe
654 1797 739 1817 anno
761 1789 915 1827 pontificii
933 1791 981 1819 sui
1000 1791 1082 1819 inter
1099 1792 1188 1821 etatis

234 1841 428 1870 succedentis
454 1841 547 1869 initia
568 1842 705 1879 perrexit
728 1841 887 1881 Spoletum
908 1852 1022 1881 magna
1038 1845 1188 1882 jocundi-

235 1899 294 1922 tate
310 1898 490 1932 susceptus;
508 1894 618 1932 ibique
635 1895 717 1923 inter
735 1895 833 1924 inulta
850 1900 879 1924 et
900 1896 961 1925 alta
985 1898 1110 1934 negotia
1127 1907 1188 1936 que

235 1947 366 1976 feliciter
382 1947 550 1985 expedivit,
569 1947 694 1976 beatum
713 1949 891 1978 Antonium
913 1949 951 1978 de
974 1950 1104 1979 fratrum
1127 1951 1187 1980 Mi-

235 2009 348 2029 norum
366 2000 488 2035 ordine,
513 2001 566 2038 qui
591 2000 770 2030 felicissimi
796 2002 938 2039 magistri
959 2003 1020 2032 vita
1042 2008 1071 2032 et
1092 2004 1188 2033 mira-

234 2053 313 2082 culis
326 2062 388 2082 non
401 2054 506 2091 dispar
517 2055 661 2082 extiterat
672 2054 823 2090 imitator,
837 2060 1019 2085 sanctornm
1032 2058 1189 2086 consortio

234 2106 457 2135 venerabiliter
486 2106 649 2135 sociavim.
681 2107 725 2136 De
758 2107 883 2145 Spoleto
911 2109 1110 2147 postmodum
1135 2120 1189 2148 per

234 2159 367 2188 Reatine
393 2160 528 2188 civitatis
550 2159 656 2189 aditus
682 2165 712 2189 et
737 2161 861 2190 abbatie
887 2162 1091 2192 Sublacensis
1117 2172 1188 2202 pro-

235 2212 331 2241 fectus
347 2212 462 2241 itinera
480 2212 687 2251 Campaniam
704 2213 791 2250 adiit,
811 2223 920 2244 mense
935 2216 1064 2253 augusti
1084 2217 1188 2254 Anag-

235 2265 321 2294 niani
337 2265 497 2294 civitatem
516 2265 692 2302 ingressus,
709 2266 752 2296 ibi
767 2267 879 2306 majori
898 2273 983 2306 parte
999 2269 1102 2307 yemis
1120 2269 1189 2299 feli-

234 2318 311 2347 citer
324 2323 520 2347 consumata.
539 2319 671 2348 Interim
687 2324 793 2349 autem
812 2321 846 2350 in
863 2321 1035 2360 Campanie
1050 2323 1190 2360 partibus

235 2371 340 2400 nobile
358 2376 496 2401 castrum
516 2371 655 2401 Palliani
673 2373 788 2411 populo
808 2378 837 2403 et
860 2375 1058 2413 possessione
1078 2375 1189 2406 fecun-

233 2424 307 2453 dum
328 2424 405 2454 adeo
423 2425 491 2454 dira
514 2425 699 2463 degentium
719 2427 831 2457 seditio
855 2428 1033 2457 concitabat
1056 2432 1089 2458 ut
1109 2428 1189 2459 alte-

234 2477 382 2516 [rut]rum
408 2478 506 2507 attriti
532 2478 687 2508 molestiis
709 2479 812 2509 solum
840 2480 942 2518 ipsius
961 2482 1189 2511 exterminium

234 2540 288 2569 per
315 2531 399 2569 ignis
427 2531 576 2561 incendia
604 2533 789 2570 cogitarent.
819 2534 908 2569 Quod
939 2534 1098 2573 inexpleta
1125 2536 1190 2565 Ro-

234 2592 400 2613 manorum
427 2585 582 2623 cupiditas
608 2594 735 2615 rumore
756 2591 899 2625 suscepto
925 2588 990 2616 suis
1015 2587 1190 2625 adjungere

237 2637 379 2666 terminis
399 2638 519 2667 viribus
542 2643 571 2667 et
593 2638 665 2668 dolo
688 2648 873 2677 procurans,
892 2640 1039 2669 homines
1058 2641 1190 2670 Montis-

235 2689 340 2718 l'ortini
369 2690 503 2719 latenter
532 2691 653 2720 inmisit
681 2697 713 2720 ut
738 2692 817 2721 illud
845 2693 1008 2722 occasione
1033 2693 1190 2724 discordie

236 2862 256 2887 l.
274 2862 348 2887 0an
366 2863 446 2891 mois,
461 2862 596 2895 jusqu'au
615 2869 859 2889 commencemcnt
878 2865 910 2889 «le
928 2866 981 2890 iu--i
1003 2865 1077 2891 1332.

232 2910 257 2935 ῗ.
275 2910 316 2934 Cf.
335 2917 363 2934 uu
378 2909 533 2942 CCLXXI,
549 2910 584 2935 du
603 2910 615 2935 *l
634 2910 703 2936 avril
724 2911 796 2938 1134.

232 2957 255 2984 3.
274 2959 334 2984 Curl.
351 2966 432 2991 quos.

233 3007 257 3032 -l.
279 3008 386 3040 terjuiu
408 3007 482 3033 12:32.

1306 412 1456 446 caperent
1472 408 1689 444 indefensum,
1708 417 1743 438 ex
1763 410 1833 448 ejtis
1848 414 2011 448 sperantes
2026 410 2170 441 dominio
2187 411 2264 441 reli-

1307 469 1402 499 quam
1427 460 1638 499 Campaniam
1666 461 1910 500 subjugandam.
1940 462 2030 498 Quod
2054 463 2264 494 verisimilius

1307 513 1492 549 videbatur3
1519 523 1593 543 nam
1615 515 1699 544 inter
1718 515 1797 544 fines
1817 515 1993 553 Campanie
2011 516 2119 551 situm,
2137 525 2264 556 promp-

1308 567 1371 596 tius
1398 571 1535 605 prestare
1559 571 1680 605 poterat
1707 567 1851 597 hostibus
1880 568 2037 598 familiare
2066 569 2263 606 fomentum,

1308 619 1473 657 presertim
1492 628 1579 655 cum,
1596 620 1620 649 si
1639 624 1759 650 remota
1777 621 1932 650 timentur
1948 621 2109 656 incendia,
2128 630 2192 652 nou
2209 631 2264 652 ve·-

1307 672 1405 702 niuut
1430 681 1501 702 cum
1531 673 1700 703 securitate
1728 674 1916 712 propinqua.
1946 674 2088 710 Quorum
2115 675 2265 704 astutiam

1307 725 1430 755 domini
1448 735 1524 764 pape
1540 726 1662 756 cautela
1678 727 1881 765 preveniens,
1897 727 1977 757 illud
1992 727 2180 757 officialium
2196 736 2265 758 suo-

1308 787 1377 807 rum
1399 778 1577 808 ministerio
1593 784 1718 817 captum
1737 779 1876 810 decrevit
1890 779 1929 809 ad
1945 789 2023 818 opus
2040 779 2124 810 sedis
2140 783 2264 818 aposto-

1308 830 1367 860 lice
1384 831 1551 867 custodiri,
1569 832 1678 861 eodem
1697 832 1821 862 sossatis
1837 832 2009 870 pieruptis,
2030 841 2120 862 muro
2135 832 2266 862 sublimi

1309 888 1338 912 et
1360 884 1481 913 excelse
1508 884 1605 914 turris
1627 884 1764 922 presidio
1785 885 1992 915 communito.
2016 885 2053 914 Et
2073 885 2146 914 licet
2166 885 2267 923 ipsius

1308 942 1465 966 structure
1497 937 1669 975 primordia
1699 938 1861 967 Romanus
1890 937 2023 976 populus
2052 937 2264 975 interdicens,

1310 990 1482 1020 terroribus
1514 990 1613 1020 solitis
1643 990 1872 1020 exterminium
1902 991 2001 1028 patrie
2032 991 2208 1020 minaretur
2238 995 2267 1021 et

1308 1044 1413 1077 castri,
1435 1051 1497 1072 non
1519 1043 1626 1072 minus
1643 1048 1744 1081 pastor
1763 1043 1941 1081 intrepidus
1959 1044 1991 1072 in
2008 1052 2112 1081 yemis
2130 1043 2267 1081 algentis

1307 1104 1430 1129 orrore,
1453 1105 1534 1134 aque
1553 1095 1721 1125 bullientis
1744 1095 1890 1125 subsidio
1915 1097 2068 1125 cementis
2094 1096 2268 1126 habilitatis

1307 1150 1344 1178 ad
1372 1158 1451 1187 opus
1472 1159 1533 1187 que
1555 1149 1676 1178 malitia
1705 1150 1853 1187 temporis
1877 1149 2117 1188 1·eddeba[n]tur
2142 1150 2266 1188 inepta,

1309 1212 1407 1232 manu
1425 1203 1558 1232 artificis
1573 1203 1685 1232 celeris
1703 1203 1803 1232 crexit
1818 1203 1964 1232 eandem.
1988 1203 2027 1233 Ut
2045 1208 2150 1232 autem
2165 1203 2268 1233 homi-

1310 1256 1405 1285 nibus
1418 1256 1510 1284 castri
1527 1260 1555 1285 et
1572 1257 1654 1285 arcis
1672 1256 1815 1285 custodie
1829 1255 1942 1285 utilius
1958 1256 2148 1294 provideret,
2165 1256 2268 1295 ipsius

1309 1309 1369 1338 loci
1393 1309 1548 1338 nobilium
1571 1309 1681 1338 domos
1703 1315 1731 1337 et
1756 1309 1969 1347 possessiones
1992 1318 2054 1339 non
2080 1313 2190 1339 tenues
2211 1317 2268 1339 no-

1310 1372 1380 1391 veni
1413 1362 1502 1391 milia
1530 1362 1684 1391 librarum
1714 1362 1759 1391 eis
1787 1366 1912 1399 erogato
1940 1363 2040 1400 pretio
2066 1362 2156 1391 titulo
2179 1371 2268 1400 emp-

1310 1416 1407 1445 tionis
1431 1415 1583 1453 accepim,
1610 1424 1688 1453 quas
1715 1415 1945 1453 subsequenter
1969 1414 2087 1444 eisdem
2112 1414 2269 1445 concessit

1310 1469 1343 1497 in
1363 1468 1506 1503 seudum,
1529 1467 1660 1497 ecclesie
1678 1468 1822 1497 Romane
1838 1467 2028 1505 proprietate
2049 1472 2182 1503 servata,
2205 1467 2268 1497 lar—

1309 1522 1390 1559 giori
1404 1529 1477 1559 pecu
1485 1520 1538 1549 nia
1552 1520 1784 1550 nichilominus
1798 1528 1852 1559 pro
1866 1520 2000 1549 edificiis
2012 1524 2042 1550 et
2053 1521 2150 1550 variis
2163 1521 2269 1550 muni-

1310 1575 1444 1608 mentis,
1479 1583 1531 1612 pro
1563 1574 1678 1612 emptis
1710 1573 1967 1613 possessionibus
1995 1578 2025 1603 et
2055 1574 2126 1603 aliis
2157 1574 2268 1604 usibus

1309 1628 1474 1658 affluenter
1497 1628 1608 1657 effusa.
1630 1627 1779 1657 Castrum
1797 1627 1892 1656 etiam
1911 1626 2056 1661 Serroni,
2075 1626 2152 1655 satis
2168 1627 2269 1665 primo

1310 1682 1466 1715 vicinum,
1482 1689 1544 1710 non
1559 1680 1682 1710 modico
1696 1685 1838 1718 emptum
1852 1680 1962 1717 pretio,
1978 1679 2113 1709 Ecclesie
2127 1679 2270 1710 dominio

1309 1733 1489 1772 applicavit.
1523 1733 1777 1762 Munitissimum
1804 1732 1923 1761 ibidem
1953 1736 2090 1761 castrum
2116 1732 2271 1762 Fumonis

1310 1792 1468 1816 structura
1493 1786 1592 1816 nobili
1616 1791 1646 1816 et
1665 1786 1778 1824 grandi
1801 1786 1998 1824 possessione
2014 1785 2169 1822 ditatum,
2186 1786 2270 1824 quod

1311 1840 1442 1870 ecclesie
1469 1840 1611 1869 Romane
1636 1839 1823 1868 demanium
1849 1844 1995 1868 asserunt
2021 1839 2148 1877 publica
2174 1839 2270 1869 docu-

1311 1900 1429 1929 menta,
1449 1892 1570 1922 nobiles
1586 1892 1715 1931 quidam
1735 1892 1835 1930 ipsius
1851 1892 1975 1921 domini
1992 1901 2069 1930 pape
2087 1892 2268 1930 propinqui,

1310 1956 1446 1986 quorum
1465 1946 1605 1975 custodie
1627 1946 1729 1975 fuerat
1750 1945 1884 1983 antiqua
1903 1945 1987 1974 sedis
2003 1944 2175 1983 apostolice
2193 1944 2271 1974 libe-

1311 2000 1399 2029 litate
1424 1999 1646 2034 commissum,
1674 1998 1856 2027 detentione
1881 1998 1941 2027 iam
1967 1999 2062 2035 longa
2083 1998 2176 2036 quasi
2198 1999 2271 2036 jure

1311 2053 1448 2082 dominii
1466 2052 1697 2086 vendicabant3
1717 2062 1770 2090 per
1789 2060 1867 2089 quos
1892 2052 1986 2080 etiam
2009 2051 2125 2080 itinera
2145 2050 2272 2089 publica

1311 2106 1406 2135 dubia
1426 2105 1652 2135 reddebantur.
1672 2104 1733 2134 Sed
1751 2112 1812 2133 non
1830 2104 2035 2142 acquiescens
2051 2104 2140 2133 carni
2156 2108 2186 2133 et
2201 2111 2271 2132 san-

1310 2158 1404 2196 guini
1426 2158 1564 2197 pontifex
1589 2157 1790 2187 venerandus
1808 2157 1890 2186 illud
1909 2157 2046 2186 Ecclesie
2065 2156 2160 2186 matri
2180 2156 2270 2186 resti-

1313 2212 1395 2241 tuit²
1414 2217 1481 2241 arta
1502 2210 1668 2240 obsidione
1691 2211 1869 2245 devictum,
1895 2210 1933 2239 de
1953 2210 2076 2248 pietatis
2095 2218 2192 2239 manu
2213 2209 2271 2238 tria

1274 2272 1277 2274 ’
1312 2265 1400 2294 milia
1416 2264 1515 2293 libras
1538 2264 1582 2292 eis
1605 2263 1782 2302 quantitate
1801 2262 1914 2294 soluta,
1934 2267 2058 2300 propter
2076 2271 2137 2300 que
2156 2262 2271 2292 Roma-

1312 2326 1426 2347 norum
1441 2322 1565 2355 pectora
1581 2316 1650 2345 dira
1666 2316 1868 2346 conmotione
1883 2324 2045 2350 succensa,
2063 2323 2271 2353 personarum

1311 2370 1453 2409 pericula
1469 2375 1499 2399 et
1511 2370 1700 2398 exterminia
1717 2368 1901 2407 patrimonii
1918 2368 2156 2406 promittebant.

1355 2424 1400 2453 18.
1430 2441 1467 2444 —
1497 2423 1565 2459 Quo
1593 2422 1781 2452 Fredericus
1806 2422 1978 2460 imperator
2007 2420 2165 2459 predictus
2188 2420 2271 2459 apud

1312 2477 1467 2507 Sanctum
1495 2476 1691 2505 Germanum
1718 2479 1804 2504 certa
1829 2474 1982 2504 relatione
2010 2478 2185 2512 comperto,
2215 2473 2272 2512 qui

1311 2530 1404 2560 fidele
1420 2529 1618 2559 detensionis
1635 2528 1808 2566 presidium
1835 2527 1968 2557 ecclesie
1989 2527 2134 2556 Romane
2150 2527 2269 2565 promi-

1312 2589 1409 2619 serat,
1429 2587 1463 2612 ut
1475 2584 1659 2622 juramento
1679 2587 1708 2611 et
1727 2581 1907 2619 vassallagii
1923 2580 2116 2618 obligatione
2133 2583 2269 2616 tenetur,

1310 2770 1332 2796 l.
1357 2770 1413 2795 Sur
1436 2778 1485 2796 ces
1510 2769 1718 2802 negociations,
1745 2776 1805 2792 rou·
1831 2767 1870 2792 les
1897 2767 1992 2800 piceos
2018 2764 2271 2791 CCXx-CCLXII

1271 2817 1434 2852 (123·2-34),
1463 2815 1754 2843 CCXCIII-CCXCV
1783 2815 1896 2848 (1238),
1924 2812 2272 2840 CCXCVII-CCXCVIII

1272 2866 1372 2899 (1939),
1391 2864 1663 2892 CCCXI-CCCXIY
1681 2864 1781 2896 (1236).

1307 2916 1332 2940 ἱ).
1351 2915 1527 2940 Documonts
1544 2912 1675 2939 CCXIX·
1691 2917 1717 2938 et
1734 2911 1867 2937 CCXIX1²
1884 2911 2046 2942 (novembre
2066 2910 2140 2941 1233)
2154 2919 2160 2941 ς
2176 2910 2213 2937 cf.
2229 2910 2275 2935 les

1272 2965 1368 2998 pieccs
1391 2963 1586 2997 [ti-c'=(:t'›‹leiites¹
1611 2960 1759 2993 CCXVII,
1785 2959 1916 2985 CCXIX.
1943 2959 1978 2984 La
2001 2967 2111 2984 somme
2136 2958 2270 2992 indiquee

1272 3012 1343 3038 dans
1358 3013 1382 3038 la
1399 3013 1495 3038 charte
1512 3010 1643 3037 CCXIXm
1661 3014 1705 3036 est
1721 3010 1754 3035 de
1772 3009 1852 3039 &000
1870 3008 1966 3034 livres.
