2455 3560
1054 345 1253 375 ALBINUS.
2143 345 2195 375 127

151 414 272 450 tendas,
286 418 318 442 nt
330 413 411 443 sient
427 423 443 442 a
460 414 525 443 Deo
541 418 723 452 potestatem
743 414 891 451 accepisti
904 413 980 442 itaei
993 413 1113 451 placere

149 475 274 504 semper
290 476 345 504 per
362 467 430 504 ejus
442 468 575 504 gratiam
591 466 707 495 valeas.
727 466 882 497 Ecclesias
894 471 923 494 et
937 466 1113 495 sacerdotes

151 519 280 549 Domini
305 524 468 556 gratanter
491 525 521 548 et
545 519 713 549 linrniliter
735 519 915 553 venereris,
935 518 1063 556 pupillis
1086 524 1115 547 et

151 572 256 601 viduis
272 580 364 610 opem
386 577 436 600 tue
454 572 658 610 protectionis
678 571 859 610 impendas,
873 571 1031 609 justitiam
1049 571 1115 600 effi-

149 625 264 654 caciter
288 633 434 654 exerceas
459 630 488 654 et
508 626 632 662 justitie
662 630 876 663 repugnantes
899 630 950 653 tua
975 623 1115 661 compri—

149 686 219 707 mas
236 682 401 716 potestate,
428 686 485 707 nec
505 687 522 706 a
539 677 738 716 quibuslibet
761 677 886 715 iniquis
907 677 1114 706 ecclesiarum

151 731 232 760 bona
248 731 341 768 diripi
361 731 501 770 patiaris,
519 731 595 769 qnia
615 731 774 768 sacrilegii
797 731 919 760 crimen
937 735 993 763 est,
1011 733 1041 759 et
1064 738 1116 759 eo-

151 793 221 813 rnm
243 783 336 822 culpa
361 788 388 813 te
416 784 556 821 respicit.
583 783 650 812 Nec
676 783 763 812 enim
792 783 907 812 debent
932 782 1115 820 aliquorum

152 837 303 866 violentia
327 837 424 875 diripi
445 846 507 875 qne
526 846 581 875 pro
607 836 782 866 multorum
807 842 882 865 snut
901 844 1049 865 concessa
1066 844 1116 864 sa-

152 890 227 919 lute.
256 891 291 919 In
321 890 370 919 his
394 895 423 919 et
448 889 521 918 aliis
548 890 700 928 nequitiis
725 889 931 918 cohercendis
955 889 1045 925 regni
1072 889 1115 917 tui

151 943 247 972 debes
264 943 468 981 pontificibus
479 943 605 981 adjutor
621 947 650 972 et
666 946 849 980 cooperator
866 942 1011 971 existere.
1027 942 1116 970 Tunc

152 996 240 1025 enim
254 996 336 1025 bene
353 995 496 1025 mundns
509 996 631 1033 regitur
647 1004 719 1025 cuni
734 994 920 1025 sacerdotali
937 995 1116 1024 auctoritati

152 1054 287 1087 potestas
312 1049 396 1086 regia
421 1049 602 1078 comitatur.
626 1049 810 1078 Sacerdotes
831 1048 916 1077 enim
943 1049 973 1076 iu
997 1047 1116 1077 Christi

151 1102 284 1132 ecelesia
297 1102 378 1132 oculi
395 1107 480 1139 sunt,
497 1111 576 1140 qnos
590 1103 680 1141 sequi
697 1102 847 1131 coudecet
863 1101 1028 1139 populum,
1042 1101 1117 1138 qnia

152 1159 181 1184 et
192 1155 310 1184 virtute
325 1155 455 1184 Domini
469 1163 585 1193 corpus
596 1155 664 1193 ejus
676 1155 874 1183 illuminant.
890 1154 969 1192 Ipsis
983 1154 1117 1192 profecto

150 1209 301 1238 convenit
320 1209 482 1237 veritatem
505 1208 633 1237 Domini
657 1208 805 1236 nuntiare
827 1213 860 1236 nt
877 1216 1026 1245 sponsam
1053 1208 1116 1237 Do—

151 1261 233 1290 mini
257 1266 377 1291 castam
404 1261 625 1299 illibatamque
646 1261 838 1290 custodiant.
868 1260 962 1290 Unde
989 1261 1069 1289 scire
1091 1265 1118 1289 te

150 1314 301 1344 volumus
314 1314 390 1353 qnia
403 1314 441 1343 de
454 1314 702 1352 presbiterorum
715 1318 744 1343 et
756 1314 964 1344 diaconorum
977 1314 1119 1342 castitate
1157 1297 1159 1314 Ἀ

151 1372 181 1396 et
193 1367 240 1396 illi
257 1371 286 1396 et
303 1375 360 1396 nos
375 1366 508 1396 verbum
527 1370 651 1396 mutare
669 1375 731 1395 non
750 1375 929 1404 possumus.
951 1366 1119 1395 Dominica

152 1429 292 1459 namque
309 1421 467 1449 sententia
482 1426 528 1449 est
547 1432 552 1449 z
573 1432 587 1447 «
602 1420 675 1450 Sint
690 1420 790 1449 lumbi
807 1420 901 1449 vestri
921 1420 1072 1458 precincti
1091 1425 1121 1449 et

150 1473 281 1503 lucerne
304 1473 451 1502 ardentes
468 1473 499 1502 in
524 1473 674 1502 manibus
691 1473 820 1508 vestris,
842 1485 854 1499 n
875 1477 907 1501 ut
921 1472 996 1501 casti
1018 1472 1120 1501 simus

151 1534 282 1565 corpore
298 1531 328 1555 et
340 1526 504 1555 luceamus
520 1535 651 1564 operum
668 1526 821 1555 claritate.
838 1526 928 1563 Siqui
946 1531 1052 1554 autem
1070 1534 1121 1554 ve·
1158 1524 1160 1534 ⁸

152 1579 239 1608 ritati
266 1579 413 1608 resistere
444 1579 634 1614 moliuntur,
667 1583 697 1608 et
722 1578 911 1608 sacerdotali
940 1578 1120 1607 ministerio

153 1632 380 1663 commonendi
402 1637 432 1661 et
455 1633 541 1669 regia
564 1637 640 1661 snut
661 1632 802 1670 potentia
825 1631 1027 1661 cohercendi.
1053 1631 1120 1660 Tne

154 1686 253 1724 igitur
271 1686 414 1725 potestati
435 1686 610 1715 confratres
629 1691 753 1715 nostros
780 1685 983 1714 Lnndensem
1003 1688 1119 1714 metro-

155 1740 333 1779 politanum
351 1745 380 1769 et
393 1739 471 1769 alios
489 1739 581 1777 regni
595 1740 758 1768 Danorum
778 1740 940 1777 episcopos
957 1747 1120 1768 commen·

154 1794 282 1829 damus,
308 1797 341 1822 ut
360 1793 406 1822 eis
423 1798 452 1822 et
474 1793 688 1822 obedientiam
714 1798 896 1822 reverenter
918 1792 1070 1822 exhibeas
1093 1798 1121 1821 et

154 1847 348 1885 adjutorium
367 1846 537 1875 efficaciter
551 1846 805 1883 sumministres‚
825 1851 857 1874 ut
873 1850 902 1875 et
916 1845 1119 1883 temporalem

154 1899 288 1939 gloriam
307 1899 436 1938 pacifice
461 1908 514 1938 per
534 1899 591 1928 Dei
612 1900 745 1936 gratiam
772 1899 915 1937 optinere
939 1903 967 1927 et
983 1898 1022 1927 ad
1041 1903 1120 1927 eter-
1160 1915 1161 1919 =

154 1962 228 1982 nam
256 1952 392 1982 salutem
419 1952 610 1982 mereamini
636 1951 770 1981 feliciter
797 1951 975 1989 pervenire.
1004 1951 1119 1979 Datum

156 2006 346 2041 Beneventi,
365 2005 457 2035 VIIIl
476 2005 632 2035 kalendas
648 2005 736 2034 maii.

114 2101 185 2129 2¹.
203 2115 242 2121 —
263 2099 483 2128 Jnnama-x'rum
507 2107 737 2128 ‘invocat-onum
757 2105 903 2127 TEMPORE
927 2105 1001 2125 PAPE
1027 2096 1120 2125 INNo-

194 2161 299 2181 cen'rtt
324 2160 520 2181 1NST1TUTUM
534 2155 553 2180 ¹.

196 2232 233 2261 In
253 2233 386 2261 nomine
406 2231 550 2261 Domini.
568 2232 685 2260 Amen.
710 2230 774 2267 Ego
793 2229 847 2258 ille
867 2229 1122 2266 advocatnsjuro

156 2285 240 2324 qnod
256 2285 295 2314 ab
314 2285 372 2314 hac
390 2285 466 2314 hora
490 2284 523 2313 in
545 2288 639 2313 antea
660 2283 773 2321 placita
792 2282 840 2311 vel
858 2282 984 2319 negotia
1004 2282 1120 2310 Roma-

158 2346 271 2367 norum
297 2339 329 2366 in
355 2338 471 2376 quibus
493 2337 666 2366 advocatus
691 2344 743 2365 ero
772 2334 819 2363 rel
847 2338 998 2372 patronus
1023 2334 1122 2363 Rome
1160 2330 1162 2334 ’

157 2390 316 2420 malitiose
335 2399 397 2420 nou
413 2389 611 2428 impugnabo
626 2388 674 2418 vel
690 2387 871 2420 defendam,
893 2392 939 2416 set
956 2395 1009 2425 pro
1021 2386 1122 2416 scien-

162 2443 204 2473 tia
223 2443 324 2473 michi
347 2452 364 2472 a
388 2443 454 2472 Deo
477 2443 606 2481 prestita
632 2441 807 2471 secundnm
832 2440 1074 2469 constitutiones
1095 2443 1123 2468 et

158 2496 245 2535 leges
261 2506 296 2526 ac
318 2497 419 2526 bonos
442 2505 546 2525 mores
569 2504 605 2524 ea
629 2494 777 2529 tractabo,
796 2498 826 2522 et
846 2498 1010 2531 postquam
1028 2493 1123 2531 justi-

162 2550 237 2579 tiam
254 2549 293 2579 de
308 2549 429 2579 eisdem
446 2549 551 2578 causis
567 2557 584 2577 a
601 2556 652 2577 me
668 2547 793 2584 cognita
813 2546 922 2579 fuerit,
941 2546 966 2574 si
988 2545 1122 2583 requisi-

161 2607 210 2633 tus
229 2603 330 2640 fuero,
346 2602 512 2641 judicibus
536 2601 721 2640 patefaciam
743 2604 773 2629 et
791 2599 836 2628 eis
860 2599 892 2627 iu
917 2599 984 2636 ipso
1001 2597 1124 2636 jndicio

157 2664 328 2685 assensum
346 2663 453 2684 meum
477 2654 649 2684 adhibebo.
674 2652 817 2682 Pretium
837 2651 952 2680 exinde
969 2659 1032 2679 non
1055 2659 1122 2678 sus-

157 2709 292 2747 cipiam,
321 2717 378 2738 nec
401 2718 455 2748 per
477 2718 527 2738 me
551 2716 608 2736 nec
633 2716 687 2745 per
712 2706 916 2735 summissam
940 2712 1123 2742 personam,

160 2771 218 2791 nec
233 2761 353 2800 suscipi
376 2761 575 2800 permittam;
600 2763 629 2789 et
651 2759 676 2788 si
704 2763 884 2796 susceptum
907 2757 1020 2792 fuerit,
1042 2760 1124 2794 post—

156 2921 180 2946 t.
200 2919 273 2946 Vers
289 2920 400 2945 l'annce
418 2919 496 2945 1140.
515 2933 548 2938 —
565 2918 604 2944 Ce
621 2920 749 2943 serment
762 2924 778 2942 a
794 2917 838 2941 ete
854 2916 948 2942 insere
966 2922 1015 2948 par
1032 2913 1127 2939 Boson

119 2969 192 2995 (lans
215 2976 246 2994 sa
263 2968 308 2994 vie
323 2967 494 2994 d’Innocent
509 2967 537 2993 11
553 2967 590 2999 (L.
608 2967 646 2996 Ρ.,
665 2970 686 2992 t.
700 2965 738 2998 ΙΙ,
754 2973 781 2999 p.
799 2964 867 2997 383).
886 2963 908 2988 ΙΙ
928 2963 987 2989 doit
1002 2963 1061 2988 exre
1077 2961 1129 2988 des

122 3017 270 3043 dernier-es
280 3018 389 3043 anne'es
404 3016 440 3042 du
458 3016 604 3051 pontificat
621 3013 808 3047 (1138-1143).

1237 420 1332 449 quam
1349 413 1481 445 scivero,
1501 412 1584 441 iufra
1600 412 1656 441 XV
1675 412 1742 442 (lies
1759 412 1838 441 iliud
1854 412 1941 440 reddi
1957 411 2081 441 faciam.
2097 412 2132 441 Et
2145 420 2197 450 pa-

1238 465 1408 495 trocinium
1435 474 1541 494 meum
1561 465 1655 494 alicui
1673 473 1801 493 cansam
1821 464 1960 499 habenti,
1979 465 2003 493 si
2027 465 2066 493 ab
2086 473 2122 494 eo
2146 473 2195 493 ro-

1236 518 1437 555 gatusfuero.
1454 525 1515 546 non
1528 518 1663 554 negabo.
1681 517 1782 546 Salvis
1794 517 1958 546 beneficiis
1970 525 2030 554 qne
2044 517 2196 545 habemns

1236 571 1275 599 ab
1291 570 1435 600 ecclesiis
1452 575 1479 598 et
1498 570 1636 607 exceptis
1654 570 1777 598 exeniis
1790 569 1967 598 valentibus
1980 578 2019 598 xn
2037 569 2195 603 denarios,

1236 633 1298 662 qne
1323 623 1420 660 gratis
1447 628 1475 651 et
1505 623 1574 651 sine
1601 623 1764 652 exactione
1795 622 1885 651 uobis
1915 623 2103 651 offeruntur.
2134 623 2196 652 Hec

1237 676 1346 705 omnia
1362 675 1536 705 observabo
1556 675 1638 705 bona
1656 676 1729 706 side.
1749 676 1818 704 sine
1838 675 1946 704 frande
1965 680 1995 703 et
2012 675 2094 703 malo
2109 675 2197 712 inge-

1239 729 1301 761 nio.
1318 728 1470 766 quamdin
1487 728 1557 757 dom
1566 737 1623 756 uns
1638 737 1714 766 papa
1726 728 1930 757 Innocentius
1941 727 1988 756 vel
2003 736 2198 757 successores

1239 782 1286 810 sni
1306 791 1321 810 r.
1340 781 1438 809 libras
1455 781 1503 809 vel
1524 780 1631 809 valeus
1652 780 1859 810 denariorum
1883 780 2081 818 papiensium
2107 780 2198 809 uobis

1238 834 1399 863 advocatis
1414 839 1444 862 et
1459 834 1623 871 judicibus
1640 834 1734 862 annis
1751 832 1887 869 singulis
1902 833 2034 862 solvent.

1200 941 1266 969 22.
1291 957 1329 960 —
1351 940 1569 968 dunatuan'rnn
1588 940 1846 969 'smum-imaum
1871 939 2031 976 —-(Cenc.
2054 939 2197 974 CXLIV,

1279 1002 1308 1030 p.
1329 993 1405 1025 415).

1203 1100 1272 1127 23.
1298 1114 1335 1119 —
1359 1100 1460 1127 Anno
1482 1107 1694 1127 JURAMENTUM
1717 1098 1991 1128 'stssURTtNORL'M¹.

1282 1178 1346 1215 Ego
1361 1178 1414 1206 ille
1429 1178 1502 1215 juro
1517 1178 1598 1215 qnod
1616 1178 1779 1206 civitatem
1793 1177 1994 1206 Tiburtinam
2009 1177 2096 1206 beato
2112 1178 2202 1206 Petro

1241 1236 1271 1260 et
1296 1231 1414 1260 domno
1436 1240 1513 1268 pape
1537 1230 1725 1259 innocentio
1748 1230 1785 1258 ad
1810 1230 1990 1258 faciendum
2015 1229 2200 1259 mandatum

1242 1293 1336 1313 sunm
1355 1283 1485 1312 reddam
1504 1288 1534 1311 et
1557 1283 1594 1311 de
1617 1283 1774 1312 discordia
1795 1291 1856 1320 qne
1875 1282 1958 1311 inter
1976 1291 2032 1311 uos
2049 1287 2078 1311 et
2097 1282 2202 1320 ipsum

1242 1342 1287 1366 est
1303 1336 1455 1375 quicquid
1478 1345 1530 1374 per
1547 1345 1578 1365 se
1595 1336 1642 1365 vel
1663 1345 1715 1374 per
1732 1336 1881 1365 nuntium
1904 1345 1996 1363 sumn
2017 1335 2064 1364 vel
2083 1335 2204 1364 litteras

1244 1391 1428 1429 preceperit,
1446 1390 1516 1418 sine
1534 1389 1643 1418 fraude
1661 1394 1691 1417 et
1706 1388 1790 1417 malo
1804 1388 1936 1425 ingenio
1953 1388 2076 1417 faciam.

1285 1443 1348 1479 Ego
1368 1444 1436 1479 jnro
1453 1442 1613 1471 civitatem
1630 1442 1833 1470 Tiburtinam
1851 1446 1881 1469 et
1899 1441 2047 1478 populum
2063 1440 2205 1479 ejusdem

1241 1495 1379 1525 civitatis
1396 1496 1486 1524 beato
1500 1495 1591 1524 Petro
1606 1500 1634 1523 et
1648 1495 1765 1524 domno
1780 1503 1858 1532 pape
1875 1493 2062 1523 Innocentio
2076 1493 2206 1522 reddere

1242 1548 1279 1577 ad
1299 1548 1480 1577 faciendum
1500 1547 1686 1576 mandatnm
1705 1555 1812 1575 suum.

1202 1656 1270 1683 24.
1289 1653 1556 1682 —Juamenrnn
1571 1660 1707 1682 itLonun
1725 1660 1776 1685 Qci
1792 1660 1981 1681 nummosi-:s
1998 1661 2087 1680 aaut
2106 1651 2203 1681 Parni

1283 1715 1481 1736 cusromnx‘r
1492 1708 1515 1734 2.

1285 1788 1348 1824 Ego
1372 1788 1451 1824 tngo
1468 1787 1633 1822 diaconus,
1654 1786 1764 1815 domni
1783 1795 1857 1824 pape
1873 1786 2069 1824 capellanus,
2087 1786 2126 1816 ab
2147 1786 2205 1816 hac

1246 1841 1321 1870 hora
1344 1841 1377 1868 in
1401 1845 1494 1869 antea
1518 1839 1622 1868 fidelis
1643 1847 1696 1868 ero
1718 1839 1849 1868 domino
1872 1847 1942 1868 meo
1964 1848 2041 1877 pape
2063 1839 2206 1872 Adriano

1243 1895 1376 1931 ejusque
1400 1893 1635 1922 successoribus
1657 1892 1811 1922 canonice
1834 1892 2037 1921 intrantibus.
2059 1891 2204 1922 Castrum

1244 1947 1281 1975 de
1300 1947 1410 1975 Brittis
1426 1946 1510 1984 qnod
1531 1945 1610 1974 niilii
1631 1945 1802 1974 tenendum
1821 1949 1852 1974 et
1866 1944 2111 1974 custodiendum
2124 1953 2206 1974 com-

1244 2000 1330 2028 misit
1350 1999 1387 2028 ad
1413 2008 1491 2037 opus
1515 2002 1621 2027 sancte
1648 1998 1793 2027 Romane
1814 1997 1946 2026 ecclesie
1970 2002 1999 2026 et
2019 1998 2205 2027 mandatum

1244 2052 1386 2090 ejusdem
1407 2052 1517 2081 domni
1536 2060 1613 2089 pape
1631 2060 1666 2080 ac
1685 2059 1902 2080 successorum
1921 2058 2052 2079 snorum
2073 2050 2208 2079 fideliter

1243 2104 1419 2134 custodiam
1441 2108 1469 2133 et
1485 2104 1690 2133 conservabo.
1711 2103 1931 2132 Possessiones
1946 2112 2018 2132 vero
2034 2103 2133 2141 ipsius
2147 2102 2206 2132 loci

1243 2158 1363 2196 absque
1389 2166 1546 2186 consensu
1575 2156 1712 2186 Romani
1739 2156 1899 2193 pontificis
1926 2164 1988 2185 non
2018 2156 2124 2185 locabo
2150 2165 2206 2185 nec

1244 2210 1416 2240 infeudabo
1435 2219 1491 2239 nec
1509 2210 1616 2247 aliquo
1632 2209 1724 2238 modo
1739 2209 1898 2238 alienabo.
1919 2209 2007 2244 Quod
2025 2209 2051 2238 si
2065 2214 2138 2238 ante
2155 2218 2207 2238 me

1244 2264 1398 2293 domnum
1417 2272 1528 2300 papam
1546 2262 1625 2292 mori
1641 2262 1809 2299 contigerit
1825 2267 1855 2291 et
1870 2262 1997 2296 divisio,
2013 2261 2095 2300 quod
2111 2262 2204 2292 absit.

1245 2318 1276 2346 iu
1295 2316 1447 2345 electione
1465 2315 1600 2345 Romani
1618 2315 1778 2353 pontificis
1797 2319 1984 2352 emergeret,
2003 2315 2040 2343 ad
2060 2314 2207 2344 voluuta-

1246 2375 1306 2399 tem
1325 2373 1353 2398 et
1372 2369 1558 2397 mandatum
1577 2368 1737 2406 illins'qni
1753 2378 1807 2406 per
1823 2368 1986 2397 meliorem
2003 2372 2031 2397 et
2047 2369 2205 2397 saniorem

1246 2428 1364 2461 partein
1388 2421 1601 2451 cardinalium
1624 2421 1657 2450 in
1680 2421 1753 2450 sede
1776 2421 1948 2459 apostolica
1971 2421 2066 2450 fuerit
2090 2421 2207 2450 electus

1247 2475 1422 2513 predictum
1441 2480 1581 2504 castrum
1605 2474 1799 2504 conservabo
1817 2478 1912 2511 atque
1928 2473 2116 2503 custodiam.
2142 2474 2207 2503 Hec

1245 2527 1355 2557 omnia
1371 2528 1444 2565 juro
1465 2532 1495 2556 et
1512 2527 1686 2556 observabo
1703 2527 1773 2555 sine
1792 2526 1903 2555 fraude
1916 2530 1945 2555 et
1963 2525 2046 2555 malo
2063 2526 2205 2563 iugenio.

1247 2581 1298 2610 Sic
1313 2589 1362 2609 nie
1383 2581 1466 2609 Dens
1479 2579 1608 2608 adiuvet
1623 2584 1653 2608 et
1669 2579 1727 2608 hec
1743 2584 1852 2608 sancta
1872 2579 1929 2608 Dei
1944 2578 2121 2615 evangelia.

1248 2767 1269 2794 1.
1287 2766 1326 2792 Ce
1347 2770 1485 2796 serment,
1512 2773 1622 2791 comme
1645 2764 1669 2790 le
1691 2764 1859 2798 precedent,
1882 2764 1942 2790 doit
1962 2765 2022 2790 eti-e
2043 2764 2136 2790 relatif
2156 2772 2211 2789 aux

1210 2816 1407 2849 negociations
1427 2815 1476 2848 qui
1498 2814 1641 2840 suivirent
1661 2814 1686 2839 la
1704 2813 1890 2847 capitulation
1911 2812 1946 2838 de
1963 2812 2052 2838 Tibur
2071 2817 2150 2838 entre
2172 2813 2212 2838 les

1211 2864 1303 2890 mains
1319 2863 1488 2889 d‘Inuocent
1503 2861 1530 2888 11
1547 2862 1646 2894 (1143).

1245 2912 1271 2938 ⁶2.
1294 2911 1370 2937 Sous
1387 2910 1495 2937 Adi-ion
1512 2910 1552 2936 IV
1571 2910 1760 2942 (ilat-1159).
1775 2923 1810 2930 —
1827 2909 1864 2935 Le
1879 2910 2026 2944 cliapelain
2045 2909 2129 2943 Ιηὲο,
2151 2912 2213 2943 pre-

1212 2962 1281 2995 pose
1297 2961 1311 2985 a
1331 2960 1355 2985 la
1375 2959 1461 2993 garde
1485 2959 1520 2984 du
1547 2959 1667 2984 chateau
1683 2958 1717 2984 de
1733 2957 1830 2983 Monte
1846 2956 1976 2990 hibi-eni,
1997 2958 2073 2992 prete
2087 2962 2214 2984 serment

1212 3009 1246 3034 de
1263 3007 1379 3034 fidelite.
