2455 3560
607 357 656 387 LE
679 356 821 386 LIBER
844 354 1076 385 CENSUUM
1101 354 1154 383 DE
1178 343 1362 383 L'EGLISE
1386 352 1592 381 ROMAINE.
2097 349 2134 379 49

105 434 235 465 prorsus
250 424 379 455 anxilio.
398 425 476 454 Item
495 423 623 453 domina
639 422 803 452 Theodora
822 429 898 451 uxor
914 420 991 450 dicti
1006 420 1061 449 Ja-

105 479 186 515 cobi‚
207 478 373 508 certior-ata
389 477 427 507 de
442 477 592 507 omnibns
609 475 756 514 predictis
761 498 820 504 .....

147 533 261 562 Actum
278 535 350 560 ante
366 530 497 559 domum
516 529 589 558 dicti
606 528 716 558 Jacobi
734 527 919 563 venditoris,
938 533 1061 564 presen-

107 585 189 614 tibus
221 584 313 613 Petro
341 583 448 617 Buxa,
480 582 616 612 Salvono
646 580 836 610 Ronzinario
865 585 894 609 et
923 578 1063 608 Gratiolo

108 638 262 673 Mandat„
281 636 411 666 testibus
426 635 464 665 ad
481 635 538 664 hec
555 634 671 664 vocatis
688 639 717 662 et
733 633 859 670 rogatis.

148 692 212 729 Ego
230 690 410 729 Stephanus
416 711 475 718 .....

544 801 589 830 11.

147 903 210 933 Ῑιιι
235 902 366 931 nomine
382 900 515 930 Domini
522 921 661 930 ..........
686 897 868 928 Leonardus
886 895 1064 926 Piczolinus

108 960 284 994 spontanea
304 953 466 984 voluntate
490 952 586 988 dedit,
611 951 754 982 vendidit
776 955 806 980 ct
830 950 985 979 concessit
1010 957 1064 978 ve-

109 1007 244 1037 nerabili
262 1007 329 1036 viro
346 1006 476 1036 domino
498 1004 635 1034 Berardo
640 1026 699 1033 .....
722 1012 818 1032 unani
837 1002 950 1041 petiam
971 1006 1063 1037 terre,

108 1061 210 1090 vitum
229 1063 370 1094 tantum,
393 1067 466 1088 cum
483 1057 648 1087 arboribus
665 1056 748 1086 infra
765 1065 809 1092 se,
827 1055 960 1094 positam
979 1059 1066 1083 extra

110 1117 232 1153 portam
246 1111 437 1141 Viridariam
455 1111 489 1139 in
503 1114 610 1140 monte
625 1108 786 1144 Geretulo,
800 1109 891 1146 cnjus
904 1107 985 1136 dixit
999 1115 1066 1136 esse

110 1166 188 1196 tales
204 1165 358 1196 confines.
379 1164 429 1194 Ab
448 1172 510 1193 uno
531 1162 629 1192 latere
648 1166 733 1192 tenet
753 1161 836 1191 dicta
852 1159 985 1190 ecclesia
1003 1160 1067 1189 Ro-

110 1227 222 1255 mana,
244 1218 284 1248 ab
308 1216 370 1247 alio
386 1215 520 1246 ecclesia
541 1215 641 1245 sancti
657 1214 781 1256 Egidii,
799 1218 829 1243 et
846 1213 884 1243 ab
903 1212 966 1243 alio
983 1216 1067 1242 tenet

110 1271 190 1303 olim
207 1271 319 1301 Petrus
334 1270 466 1305 Pascus,
484 1272 514 1298 et
531 1268 557 1298 si
576 1268 630 1306 qui
646 1267 704 1296 alii
724 1272 798 1296 sunt
814 1266 947 1296 seriores
966 1266 1065 1302 fines3

111 1324 151 1354 ad
181 1324 362 1354 habendum
369 1346 429 1352 .....
461 1330 515 1361 pro
544 1320 645 1360 pretio
674 1320 884 1359 quadraginta
914 1318 1065 1349 sollorum

111 1377 266 1408 bonorum
285 1377 527 1415 provesinorum
546 1379 691 1410 senatus3
709 1373 793 1412 quod
809 1373 944 1412 pretium
950 1395 1010 1402 .....

152 1433 267 1460 Actum
287 1429 320 1458 in
344 1428 410 1458 sala
430 1427 539 1467 palatii
560 1427 637 1457 dicti
657 1426 781 1456 domini
799 1426 967 1456 camerarii
984 1425 1068 1464 apud

113 1482 277 1514 basilicam
308 1482 391 1512 beati
423 1482 523 1516 Petri,
556 1480 754 1519 presentibus
785 1479 917 1509 domino
951 1478 1069 1508 Calisto

109 1536 232 1575 judice,
252 1535 401 1565 Jobanne
424 1534 542 1564 Mathei
560 1533 734 1569 Deceaviti,
754 1533 871 1562 Jacobo
889 1531 1067 1570 Magalocti,

113 1590 207 1620 Petro
232 1589 319 1618 Buxa
337 1592 366 1618 et
383 1587 509 1626 Angelo
527 1587 565 1617 de
582 1587 693 1622 Verzo,
713 1586 844 1615 testibus
864 1585 902 1615 ad
921 1586 979 1615 hec
997 1595 1069 1624 spe-

113 1642 239 1673 cialiter
255 1642 372 1672 vocatis
388 1646 416 1671 et
432 1640 560 1679 rogatis.

154 1696 218 1734 Ego
232 1695 411 1734 Stephanus
417 1717 476 1724 .....

551 1809 596 1837 12.

155 1911 194 1940 In
204 1913 216 1930 ²
230 1910 360 1941 nornine
375 1909 517 1945 Domini,
532 1917 617 1939 anno
628 1909 759 1939 Domini
772 1908 945 1938 millesimo
956 1909 1072 1938 ducen-

116 1964 229 1994 tesimo
250 1963 483 2003 septuagesimo
500 1965 625 1997 octavo,
646 1967 784 2000 tempore
802 1962 924 1992 domini
947 1962 1072 1992 Nicolai

117 2017 202 2047 tertii
222 2025 315 2055 pape,
336 2016 513 2045 indictione
531 2015 589 2051 VI,
609 2023 720 2045 mense
741 2015 851 2054 aprilis
875 2015 926 2044 die
947 2015 1071 2045 ultimo.

98 2087 102 2090 ⁴
117 2069 237 2099 Paulus
252 2068 461 2098 Riccomandi
474 2068 552 2097 civis
567 2067 742 2103 Romanus,
760 2067 889 2097 nomine
902 2076 958 2097 suo
973 2072 1002 2098 et
1018 2076 1074 2098 no-

118 2121 207 2151 mine
222 2121 306 2151 Petri
319 2121 428 2151 fratris
439 2121 519 2159 ejus,
532 2129 587 2159 pro
598 2129 660 2159 quo
672 2120 816 2159 promisit.
830 2124 860 2150 et
875 2120 1027 2158 obligavit
1042 2129 1074 2150 se

118 2175 275 2204 facturum
293 2177 321 2203 et
337 2179 521 2203 curaturum
538 2173 621 2211 quod
637 2172 695 2203 hec
710 2173 817 2203 omnia
834 2176 863 2203 et
879 2173 1008 2211 singula
1024 2183 1074 2203 ra·-

119 2227 252 2257 tificabit
267 2226 360 2265 plene
376 2232 406 2256 et
424 2225 512 2256 nullo
532 2226 623 2256 modo
644 2226 692 2256 vel
710 2235 816 2262 causa,
829 2226 901 2264 jure
919 2225 967 2256 vel
986 2235 1073 2256 occa-

118 2281 218 2316 sione,
238 2279 473 2315 contraveniet,
496 2283 541 2308 set
559 2278 663 2317 potius
680 2278 882 2317 adimplebit,
903 2283 1076 2317 spontanea

119 2333 283 2363 voluntate
306 2332 404 2369 dedit,
422 2331 565 2361 vendidit
589 2335 620 2361 et
641 2331 794 2361 concessit
809 2331 986 2361 venerabili
1008 2332 1077 2362 viro

119 2386 250 2416 domino
275 2384 400 2423 Angelo
424 2384 462 2414 de
485 2384 629 2414 Veczosis
651 2386 825 2414 camerario
849 2385 974 2415 domini
999 2394 1077 2424 pape

119 2438 285 2477 recipienti
303 2438 435 2468 nomine
453 2442 483 2467 et
500 2438 565 2467 vice
584 2438 709 2467 domini
730 2446 807 2476 pape
827 2442 856 2468 et
876 2447 1000 2468 camere
1022 2447 1078 2468 sue

119 2491 159 2521 ad
174 2500 254 2530 opus
270 2495 299 2520 et
314 2490 481 2521 utilitatem
497 2491 641 2520 Romane
654 2490 784 2520 ecclesie
796 2491 867 2529 jure
883 2491 1007 2530 proprio
1019 2491 1078 2521 im-

122 2549 320 2583 perpetuum,
340 2548 401 2573 tres
417 2544 517 2582 petias
531 2544 697 2573 vinearum
714 2552 786 2573 cum
805 2548 884 2574 terra
895 2568 902 2581 ‚
917 2544 1033 2574 vitibus
1050 2550 1080 2575 et

120 2597 306 2633 arboribus,
334 2597 450 2635 positas
475 2601 562 2626 extra
591 2601 713 2635 portam
743 2597 883 2626 Auream
912 2598 945 2626 in
972 2602 1079 2627 monte

121 2649 286 2686 Geretulo‚
312 2658 448 2688 quarum
471 2649 551 2679 dixit
573 2658 640 2679 esse
664 2649 740 2679 tales
763 2650 915 2680 confines.
938 2651 988 2679 Ab
1014 2658 1079 2680 uno

1183 418 1280 448 latere
1302 422 1409 447 tenent
1437 418 1566 447 heredes
1597 417 1755 447 Laurentii
1779 417 1860 446 Petri
1888 416 2068 451 Laurentii,
2096 416 2135 445 ab

1183 471 1246 500 alio
1270 471 1335 506 via,
1364 471 1403 499 ab
1429 470 1492 500 alio
1517 471 1735 505 Bai-barnbea,
1763 474 1791 499 et
1813 470 1852 499 ab
1875 469 1937 499 alio
1956 473 2030 498 sunt
2052 469 2134 498 muri

1185 524 1290 559 urbis;
1308 523 1346 552 ad
1362 523 1542 552 habendum
1550 546 1609 551 .....
1628 532 1681 561 pro
1699 523 1796 561 pretio
1809 523 1966 560 octoginta
1980 521 2133 551 librarum

1185 576 1463 615 proveniensium3
1483 575 1565 614 quod
1583 576 1714 613 pretium
1722 598 1780 605 .....

1225 631 1338 658 Actum
1353 629 1464 663 Rome,
1481 628 1513 656 in
1531 628 1596 657 sala
1612 628 1717 666 palatii
1734 627 1806 657 dicti
1821 627 1942 656 domini
1957 627 2134 663 camerarii,

1185 686 1329 721 presente
1344 690 1394 709 nie
1413 681 1577 710 scriniario
1593 686 1621 709 et
1637 680 1698 709 hiis
1716 681 1845 709 testibus
1862 680 1900 709 ad
1915 680 1972 709 liec
1985 679 2136 709 adhibitis

1184 739 1214 764 et
1231 734 1362 772 rogatis,
1381 733 1482 763 silicet
1499 733 1628 762 domino
1641 732 1787 761 Guidone
1808 732 1989 770 presbytero
2005 731 2137 762 ecclesie

1185 791 1291 816 sancte
1308 787 1405 815 Mai-{e
1420 786 1452 814 in
1474 785 1661 815 Monticellis
1674 785 1710 813 tle
1724 784 1908 823 Aure[o]lis,
1923 785 2064 814 Romane
2080 784 2137 814 fra-

1184 839 1342 869 ternitatis
1361 844 1498 874 rectore,
1520 838 1649 867 domino
1667 838 1816 874 magistro
1831 838 1948 867 Jacobo
1964 838 2001 867 de
2022 838 2135 867 Parma

1185 892 1308 922 domini
1330 901 1406 930 pape
1429 899 1553 920 camere
1575 890 1705 925 clerico,
1730 890 1859 919 domino
1879 889 1999 919 Calixto
2016 889 2135 927 judice,

1186 944 1317 975 Nicolao
1336 944 1495 973 Joliannis
1518 943 1652 980 AngeH,
1677 942 1799 971 civibus
1820 943 1982 977 Romanis,
2004 947 2035 972 et
2055 942 2139 972 Tho·
2158 962 2162 966 -

1187 998 1287 1028 masio
1304 997 1417 1027 clerico
1433 1001 1462 1026 et
1480 995 1639 1026 familiare
1652 995 1725 1024 dicti
1742 995 1864 1024 domini
1881 996 2060 1024 camerarii.

1228 1050 1344 1080 Eodem
1373 1049 1425 1079 die
1454 1057 1558 1078 corani
1590 1057 1640 1077 me
1670 1047 1838 1077 scriniario
1867 1053 1896 1077 et
1923 1047 1984 1077 hiis
2011 1048 2141 1077 testibus

1188 1104 1458 1143 supranominatis
1483 1103 1593 1131 Petrus
1621 1102 1715 1131 frater
1736 1101 1812 1130 dicti
1838 1101 1929 1130 Pauli
1954 1101 2141 1131 Ricomandi

1189 1157 1373 1191 venditoris,
1393 1156 1584 1185 certificatus
1606 1154 1644 1183 de
1665 1154 1816 1184 omnibns
1822 1177 1881 1184 .....
1906 1154 1985 1183 Item
2011 1154 2141 1184 domina

1188 1211 1355 1241 Comitissa
1376 1214 1406 1238 et
1430 1208 1562 1238 domina
1586 1207 1765 1240 Theodora,
1791 1215 1905 1236 uxores
1929 1206 2140 1244 predictorum

1189 1264 1334 1297 fratrum,
1352 1261 1516 1291 certiorate
1534 1261 1572 1290 de
1587 1259 1737 1289 omnibus
1743 1282 1801 1289 .....

1229 1318 1345 1345 Actum
1367 1314 1405 1344 ad
1423 1313 1554 1343 domum
1574 1312 1787 1351 predictorum
1810 1311 1903 1340 Pauli
1924 1316 1953 1340 et
1974 1312 2058 1341 Petri
2079 1311 2143 1341 ira-

1192 1374 1286 1404 trum,
1304 1366 1502 1406 presentibus
1519 1366 1611 1395 Pctro
1625 1365 1734 1400 Bassa,
1754 1363 1884 1394 Nicolao
1899 1364 2057 1394 Johannis
2075 1365 2143 1393 An-

1189 1421 1253 1460 geli
1280 1425 1309 1450 et
1332 1420 1458 1449 Matheo
1479 1418 1603 1448 Cinthii
1624 1417 1745 1447 civibus
1763 1417 1929 1451 Romanis,
1951 1416 2081 1446 testibus
2105 1416 2142 1445 ad

1190 1475 1249 1504 hec
1267 1473 1383 1503 vocatis
1402 1477 1432 1501 et
1448 1471 1576 1509 rogatis

1231 1528 1295 1566 Ego
1311 1526 1490 1565 Stephanus
1495 1546 1555 1554 .....

1628 1637 1672 1667 13.

1232 1742 1291 1770 111¹
1315 1739 1445 1770 nomine
1466 1738 1593 1768 Domini
1600 1759 1659 1767 .....
1683 1735 1832 1766 Nicolaus
1853 1736 2013 1765 Jobannis
2029 1734 2147 1772 Angeli

1193 1795 1231 1824 de
1248 1792 1419 1823 Amatiscis
1435 1791 1472 1820 de
1489 1790 1620 1828 regione
1636 1789 1816 1824 Pari-ionis,
1839 1793 1994 1827 presente,
2012 1796 2147 1818 consen-

1194 1847 1292 1877 tiente
1320 1850 1350 1875 et
1373 1844 1498 1875 volente
1522 1843 1688 1872 Frederico
1710 1845 1821 1880 nepote
1845 1841 1946 1879 ipsius
1970 1840 2093 1870 Nicolai
2120 1845 2149 1870 et

1194 1898 1408 1930 renunciante
1424 1898 1457 1926 in
1473 1895 1624 1926 omnibus
1640 1899 1670 1924 et
1683 1893 1819 1932 singulis
1834 1893 2044 1932 infrascriptis
2059 1893 2149 1923 omni

1191 1953 1257 1993 juri
1273 1952 1374 1990 ipsius
1390 1950 1449 1980 sibi
1471 1947 1661 1987 competenti
1678 1952 1706 1976 et
1726 1946 1934 1985 competituro
1949 1953 2150 1984 quocumque

1195 2007 1306 2041 modo,
1322 2006 1409 2044 jure,
1429 2003 1517 2033 titulo
1535 2002 1601 2031 sive
1619 2010 1731 2036 causa,
1754 2009 1810 2029 sua
1825 2000 1908 2029 bona
1929 2003 1958 2028 et
1979 2001 2151 2037 spontanea

1195 2060 1357 2090 voluntate
1374 2057 1477 2093 dedit,
1496 2055 1639 2086 vendidit
1659 2059 1688 2084 et
1711 2053 1865 2083 concessit
1885 2051 2059 2082 venerabili
2082 2050 2151 2080 viro

1195 2113 1324 2142 domino
1350 2109 1475 2147 Angeto
1499 2109 1537 2138 de
1557 2107 1703 2138 Veczosis
1732 2105 1905 2136 camerario
1930 2103 2051 2133 domini
2073 2111 2151 2141 pape

1195 2163 1364 2203 recipienti
1382 2163 1512 2193 nomine
1528 2166 1559 2191 et
1579 2161 1647 2190 vice
1667 2159 1789 2189 domini
1811 2166 1889 2196 pape
1907 2162 1937 2186 et
1958 2164 2082 2186 camere
2097 2164 2153 2184 sue

1196 2223 1225 2248 et
1240 2218 1279 2248 ad
1298 2225 1376 2255 opus
1395 2220 1424 2245 et
1441 2214 1609 2244 utilitatem
1629 2213 1770 2242 Romane
1791 2210 1922 2241 ecclesie
1940 2210 2012 2248 jure
2028 2207 2153 2247 proprio

1196 2275 1225 2302 et
1240 2271 1487 2309 imperpetuum,
1501 2267 1579 2296 duas
1592 2266 1690 2304 petias
1700 2265 1878 2299 vinearum,
1890 2271 1964 2292 cum
1979 2266 2070 2298 terra,
2083 2260 2154 2290 viti-

1195 2324 1255 2353 bus
1283 2326 1311 2352 et
1335 2320 1520 2355 arboribus,
1547 2318 1662 2357 positas
1689 2320 1776 2346 extra
1804 2319 1924 2354 portam
1951 2315 2092 2343 Auream
2119 2313 2152 2341 in

1197 2380 1304 2406 monte
1316 2373 1478 2409 Geretulo,
1493 2379 1629 2411 quarum
1646 2362 1725 2399 dixit
1740 2377 1807 2398 esse
1825 2367 1901 2397 tales
1914 2367 2006 2396 fines.
2029 2365 2075 2396 Ab
2090 2373 2154 2395 uno

1197 2429 1295 2459 latere
1317 2432 1363 2458 est
1376 2427 1428 2456 via
1445 2425 1581 2464 publica,
1598 2423 1638 2453 ab
1653 2422 1714 2452 alio
1731 2428 1777 2451 est
1792 2420 1926 2457 vicolus,
1943 2423 1973 2450 et
1985 2419 2023 2449 ab
2035 2418 2096 2448 alio
2109 2421 2155 2448 est

1198 2481 1330 2512 ecclesia
1349 2480 1507 2513 Romana,
1525 2477 1636 2506 vineas
1659 2483 1738 2514 quas
1758 2482 1861 2513 nuper
1882 2472 1960 2502 emit
1979 2471 2080 2501 dictus
2098 2470 2154 2500 do-

1198 2535 1306 2564 minus
1328 2531 1522 2562 camerarius
1543 2539 1560 2558 a
1576 2529 1669 2558 Petro
1688 2533 1719 2557 et
1741 2525 1842 2556 Paulo
1861 2523 2068 2555 Riccomandi
2090 2523 2152 2552 fra-

1199 2587 1310 2622 tribus,
1321 2590 1350 2615 et.
1359 2584 1446 2623 siqui
1455 2583 1512 2612 alii
1521 2587 1595 2612 sunt
1606 2582 1744 2611 veriores
1752 2580 1845 2616 fines;
1854 2578 1894 2608 ad
1904 2576 2086 2607 babendum
2093 2597 2152 2605 .....

1198 2648 1254 2680 pro
1276 2639 1376 2679 pretio
1398 2637 1608 2677 quadraginta
1626 2635 1779 2664 librarum
1797 2633 1953 2663 bonorum
1972 2630 2155 2670 provesino-

1199 2702 1270 2724 rum
1301 2697 1430 2722 senatus
1446 2702 1452 2724 ;
1483 2689 1567 2728 quod
1600 2688 1734 2727 pretium
1741 2708 1800 2715 .....
1833 2685 1883 2715 Ad
1912 2684 1971 2714 hec
2002 2682 2155 2712 Nicolaus

119 2828 145 2853 1.
169 2827 260 2853 Meme
281 2826 355 2854 date.
377 2841 412 2847 —
431 2826 560 2853 Leonard
577 2826 720 2853 Piczolino
738 2827 809 2853 vend
825 2836 861 2853 au
877 2827 968 2853 meme
982 2829 1080 2853 came-

83 2876 139 2902 rier
152 2876 193 2902 les
210 2876 310 2910 vignes
327 2876 454 2910 plantees
470 2883 521 2902 sur
538 2884 575 2902 un
591 2875 697 2902 terrain
713 2884 749 2902 au
766 2876 857 2902 menie
872 2875 995 2902 endroit.
1197 2872 1221 2898 1.
1237 2871 1329 2897 Meine
1342 2870 1415 2895 date.
1428 2883 1461 2887 ——
1477 2867 1592 2893 Nicotas
1606 2864 1748 2891 Johannis
1764 2862 1868 2897 Angeli
1884 2861 1918 2887 de
1935 2860 2108 2890 Amafiscis,
2122 2859 2156 2885 de

117 2925 144 2952 2.
162 2924 200 2950 Le
217 2925 249 2951 30
264 2924 334 2950 avril
355 2924 432 2951 1278.
449 2939 483 2945 -
499 2925 568 2951 Paul
584 2924 772 2951 Riccomandi
793 2924 864 2950 vend
886 2933 921 2950 au
944 2924 1081 2950 camerier
1162 2922 1188 2947 la
1200 2921 1298 2954 rogion
1316 2918 1445 2949 parione,
1461 2915 1532 2942 vend
1545 2923 1579 2940 au
1595 2913 1733 2940 camerier
1748 2912 1860 2945 Angeto
1876 2910 1910 2936 de
1928 2909 2066 2936 Veczosis
2082 2908 2156 2934 deux

83 2973 196 3008 Angelo
211 2973 244 2999 de
259 2972 396 3000 Veczosis
411 2974 482 3000 trois
499 2974 595 3008 pieces
611 2973 645 2999 de
661 2973 776 3007 vignes,
794 2973 870 2999 sises
886 2974 916 2999 in
931 2975 1019 2999 monte
1032 2973 1081 2999 Ge·
1163 2970 1260 3004 pi'eces
1274 2967 1308 2993 de
1325 2967 1409 3000 vigne
1423 2966 1498 2991 sises
1513 2972 1547 2989 au
1566 2963 1656 2988 menie
1672 2961 1784 2987 endroit
1801 2967 1856 2993 que
1871 2958 2032 2984 ci-dessus.
2048 2970 2083 2976 —
2098 2956 2156 2982 Ra-

83 3023 181 3053 reticio,
195 3025 271 3048 extra
287 3023 394 3055 portam
409 3023 538 3048 Auream.
1163 3016 1298 3044 tification
1316 3024 1363 3050 par
1378 3015 1402 3040 la
1418 3013 1520 3039 femme
1536 3012 1573 3037 du
1591 3009 1726 3036 vendeur.

223 3082 310 3110 Lim-m
327 3082 470 3111 Cansuun.
488 3096 524 3103 —
542 3082 579 3110 11.
2005 3066 2018 3091 7
