2465 3582
173 350 213 380 78

215 416 382 442 monasterii
400 415 491 441 sancti
508 413 621 439 Martini
637 412 814 438 Turonensis
835 415 862 438 et
882 411 996 437 fratrem
1018 410 1181 437 Guidonem

211 463 379 491 eorumdem
396 463 514 489 fratrum
531 466 558 488 et
574 460 741 488 monasterii
762 460 924 486 ministrum
944 459 1129 485 sanctissimo
1149 466 1182 485 ac

211 513 380 539 beatissimo
410 511 525 537 domino
554 514 652 536 nostro
677 509 793 535 domino
818 508 940 534 Mai-tino
971 515 1041 542 pape
1069 507 1181 541 quinto,

215 561 315 588 Odone
331 560 365 586 de
385 558 524 585 Columna
545 562 609 584 ante
631 558 696 591 ejus
713 557 942 590 assumptionem
959 556 1074 582 nomine
1089 555 1182 582 cardi-

216 610 283 641 nati,
300 609 348 642 qni
365 608 399 633 de
415 607 573 641 Columpna
590 605 746 639 vulgariter
760 608 925 638 nuncupato
941 605 1000 637 (sic)
1015 603 1050 630 de
1063 603 1182 629 nobilis-

220 659 293 684 sima
319 657 513 683 Romanorum
538 655 670 689 prosapia
693 653 853 687 principum
880 652 1014 683 oriundo,
1037 652 1128 678 electo
1154 652 1181 678 in

217 714 303 733 sacro
317 704 484 731 Constantio
500 703 621 730 concilio
639 711 689 736 per
704 702 837 728 dominos
851 701 1011 728 cardinales
1027 705 1054 727 et
1071 705 1183 727 ceteros

218 755 370 789 deputatos
387 752 567 779 concorditer
581 751 609 777 in
626 759 784 784 summum,
796 759 906 781 verum,
922 750 1039 776 unicum
1056 754 1084 776 et
1100 749 1185 776 indu-

217 803 339 829 bitatum
363 801 525 836 pontificem
549 800 576 826 in
596 799 641 826 die
662 800 735 825 beati
758 799 872 825 Martini
893 798 1083 829 confessoris,
1108 806 1183 824 anno

218 850 334 877 Domini
350 847 652 876 Moccccnwxvumo.

249 898 439 925 Sanctissimo
467 897 494 923 in
521 896 636 923 Christo
662 896 733 930 patri
754 903 788 922 ac
812 895 928 921 domino
950 898 1047 920 nostro
1068 894 1184 920 domino

215 947 338 974 Martino
353 946 448 972 divina
465 944 648 980 providencia
669 948 853 970 sacrosancte
871 942 1000 969 Romane
1020 950 1052 968 ac
1069 942 1184 968 nniver-

215 996 286 1023 salis
301 996 423 1021 ecclesie
440 1001 553 1020 summo
570 992 712 1027 pontifici,
736 992 823 1017 vestri
847 991 971 1017 humiles
991 995 1018 1016 et
1041 990 1135 1016 devoti
1152 998 1184 1016 ac

214 1044 307 1072 seduli
324 1047 453 1069 oratores
470 1042 571 1068 fratres
587 1041 708 1067 ecclesie
726 1040 844 1074 majoris
861 1039 1024 1065 monasterii
1038 1038 1184 1064 Turonen-

215 1093 258 1120 sis
275 1096 369 1118 vestre
385 1095 484 1117 sancte
499 1090 560 1116 sedi
577 1089 734 1123 apostolice
750 1088 914 1114 immediate.
930 1087 1065 1121 subjecti.
1081 1091 1109 1113 et
1130 1087 1186 1113 fra-

215 1146 258 1168 ter
279 1140 373 1167 Guido
397 1138 587 1174 permissione
607 1137 704 1163 diviua
727 1137 843 1163 humilis
865 1135 1031 1162 eorumdem
1054 1135 1186 1161 minister

217 1198 284 1216 cum
302 1188 425 1223 supplici
441 1187 485 1213 sui
503 1191 529 1212 et
545 1185 620 1212 dicte
636 1186 758 1211 ecclesie
774 1183 1060 1210 recommendacione
1076 1183 1186 1210 tocius-

215 1247 272 1273 que
293 1236 461 1264 obediencie
485 1235 680 1269 subjeccionis
703 1241 736 1260 ac
755 1234 919 1259 reverencie
941 1232 1078 1259 famulatu
1095 1232 1185 1258 devo-

218 1287 332 1314 tissima
347 1285 451 1320 pedum
468 1284 585 1310 obscula
601 1283 759 1310 beatorum.
779 1281 890 1315 Exigit,
909 1282 1075 1308 beatissime
1091 1287 1185 1316 pater,

220 1336 371 1368 utriusque
383 1335 459 1368 juris
476 1333 551 1358 racio
569 1335 597 1357 ut
613 1335 720 1365 quanto
735 1334 829 1356 vestre
845 1330 1029 1356 beatitudinis
1045 1330 1186 1356 celsitudo

219 1389 248 1411 et
276 1384 415 1410 immense
441 1390 493 1407 sue
519 1380 704 1414 benignitatis
728 1380 876 1405 affluencia
901 1387 954 1405 nos
981 1383 1009 1404 et
1033 1379 1185 1405 ecclesiam

218 1437 345 1459 nostram
361 1430 534 1457 antedictam
559 1429 682 1455 uberiori
708 1428 802 1453 favore
824 1427 1006 1461 prosequitur
1022 1431 1186 1461 quantoque

219 1481 322 1515 amplis
338 1479 514 1505 diversarum
531 1478 692 1511 graciarum
712 1475 802 1501 titulis
814 1483 848 1500 cx
861 1479 978 1509 paterna
990 1475 1187 1501 benivolencia

220 1528 368 1563 copiosius
385 1526 549 1560 insignivit,
575 1524 690 1558 antiqua
713 1523 846 1549 videlicet
869 1523 1018 1557 privilegia
1037 1531 1053 1548 a
1077 1524 1186 1549 sanctis

219 1575 474 1612 predecessoribus
499 1572 606 1599 vestris
625 1572 695 1598 alias
716 1571 798 1597 nobis
818 1571 919 1598 collata
939 1571 1134 1598 confirmando
1154 1580 1187 1598 ac

221 1633 294 1652 nova
315 1632 349 1650 ex
371 1622 489 1658 speciali
504 1621 662 1647 devocione
677 1619 912 1654 superaddendo,
929 1623 1007 1646 tanto
1023 1620 1187 1647 sei-vencius

222 1678 355 1707 tanquam
372 1672 444 1705 grati
463 1669 662 1696 munificencie
679 1672 772 1695 vestre
792 1668 840 1694 filii
864 1668 899 1694 de
915 1669 1020 1695 vestris
1043 1669 1189 1704 prosperi-

219 1727 277 1749 tate
294 1727 321 1748 et
337 1721 429 1748 salute
444 1719 601 1745 debeamus
616 1726 682 1744 esse
695 1718 799 1744 sollciti
815 1721 843 1743 et
858 1717 892 1743 ad
911 1718 1118 1751 implorandum
1137 1727 1187 1753 pro

218 1772 262 1798 eis
277 1770 406 1797 divinum
428 1768 565 1794 auxilium
590 1766 702 1792 devotis
725 1767 892 1792 oracionum
915 1767 1060 1801 suffragiis
1078 1768 1189 1801 jugiter

221 1819 377 1853 exlciitari.
393 1816 453 1842 Nee.
471 1816 647 1850 ignoramus,
666 1817 745 1848 pater
761 1814 937 1848 beatissime,
955 1815 1004 1841 sed
1023 1824 1088 1841 cum
1105 1817 1188 1842 suavi

219 1869 341 1902 spiritns
366 1865 618 1898 congratulacione
640 1863 794 1889 recolimus
817 1864 974 1897 singularis
996 1872 1029 1889 ac
1053 1864 1188 1898 specialis

217 1916 386 1944 devocionis
409 1914 540 1940 affectam
564 1921 647 1946 quem
672 1921 739 1945 erga
762 1916 912 1946 patronum
936 1917 1064 1938 nostrum
1090 1913 1188 1947 piissi-

219 1974 310 1998 mum,
341 1967 471 1990 sanetum
499 1961 628 1987 videlicet
654 1960 807 1986 Mai-tinum
820 1981 827 1993 ,
856 1961 994 1995 apostolis
1023 1969 1186 1995 compatÎ‡om

219 2011 445 2048 gemmalmlque
461 2009 672 2039 confessorum,
684 2008 753 2034 dicti
771 2008 860 2034 nostri
878 2009 1041 2035 monasterii
1055 2009 1186 2035 fundato-

220 2069 280 2088 rem
296 2068 329 2086 ac
347 2059 469 2094 primum
486 2057 690 2083 edificatorem.
706 2056 810 2082 habere
823 2057 985 2087 noscimini,
996 2058 1081 2091 cujus
1097 2058 1186 2084 eciam

224 2109 352 2144 glorioso
369 2106 483 2133 nomine
499 2105 596 2130 eadem
614 2106 752 2131 sanctitas
768 2109 863 2131 vestra
879 2113 934 2131 non
947 2105 1008 2131 sine
1019 2105 1115 2132 divino
1128 2115 1190 2140 pre-

222 2157 306 2191 sagio
323 2156 427 2182 meruit
443 2153 586 2187 insigniri.
599 2158 636 2184 et,
654 2157 738 2187 prout
754 2153 835 2186 qnasi
852 2155 877 2179 in
891 2157 950 2179 toto
966 2154 1033 2180 orbe
1047 2158 1187 2181 terrarum

221 2205 330 2232 celebri
360 2210 494 2229 sermone
526 2201 669 2235 vulgatur.
701 2201 792 2235 ipsius
823 2201 1050 2235 suffragantibus
1079 2203 1188 2229 meritis

221 2254 320 2280 eadem
334 2256 428 2278 vestra
445 2250 581 2276 sanctitas
596 2249 630 2275 ad
647 2254 724 2275 tante
737 2249 884 2284 dignitatis
896 2251 1005 2284 apicem
1018 2251 1109 2278 extitit
1122 2260 1187 2278 cum

218 2303 301 2337 pacis
311 2300 500 2326 assecucione
512 2298 674 2324 sublimata.
683 2297 766 2325 Unde
778 2298 896 2331 dignum
908 2307 940 2325 ae
952 2307 1112 2333 congruum
1123 2308 1189 2326 esse

221 2351 396 2377 arbitramur
423 2352 453 2374 ut
478 2348 505 2373 in
532 2348 705 2373 monasterio
729 2351 826 2373 nostro
849 2347 993 2374 antedicto
1016 2348 1091 2381 quod
1113 2348 1187 2375 idem

223 2399 317 2425 almus
334 2397 484 2423 consessor
500 2395 641 2421 edificavit
660 2399 686 2421 et
703 2395 837 2428 quamdiu
856 2396 882 2421 in
901 2396 1034 2422 humanis
1050 2397 1120 2422 vixit
1137 2404 1189 2423 sua

218 2446 363 2481 presentia
384 2443 564 2470 consecravit
585 2443 740 2477 arduisque
758 2443 960 2470 miraculorum
977 2444 1123 2471 decoravit
1140 2453 1189 2479 pa-

219 2494 415 2524 tracionibus,
433 2493 467 2518 de
484 2492 582 2518 eadem
604 2493 756 2518 sanctitate
779 2498 873 2518 vestra
899 2498 1036 2527 perpetua
1052 2493 1190 2520 habeatur

222 2543 358 2570 memoria
387 2550 418 2567 ac
443 2542 518 2566 inter
540 2541 612 2566 alios
635 2540 764 2573 ejusdem
789 2541 954 2567 monasterii
980 2542 1188 2575 benefactores,

219 2590 386 2617 fundatores
411 2594 439 2614 et
465 2593 600 2621 patronos
626 2588 756 2621 ejusdem
780 2589 943 2615 sanctitatis
967 2594 1063 2615 vestre
1087 2598 1188 2615 nomen

219 2638 303 2664 annis
319 2637 443 2671 singulis
459 2637 641 2662 recolendum
663 2641 825 2663 annotetur.
844 2636 935 2669 Igitur
951 2638 986 2663 (le
1002 2642 1043 2663 tot
1058 2642 1086 2663 et
1102 2638 1190 2663 tantis

221 2685 372 2712 benefieiis
389 2685 470 2710 nobis
485 2685 519 2709 ob
533 2685 656 2710 favorem
669 2685 870 2717 gloriosissimi
883 2686 1016 2719 martyris
1031 2685 1190 2712 fundatoris

221 2734 314 2760 nostri
334 2733 435 2767 prefati
451 2732 486 2758 ab
502 2732 599 2758 eadem
616 2733 768 2758 sanctitate
779 2737 874 2759 vestra
883 2733 994 2759 collatis
1007 2742 1060 2759 non
1074 2733 1188 2767 ingrati.

217 2783 286 2809 licet
302 2783 377 2807 servi
395 2781 510 2806 inutiles
526 2786 551 2806 et
570 2781 678 2813 indigni
691 2803 697 2808 .
719 2781 754 2807 de
771 2781 849 2807 illius
868 2786 962 2808 tamen
979 2782 1026 2808 cui
1044 2790 1188 2815 nunqnam

218 2830 281 2856 sine
306 2838 358 2863 spe
382 2829 579 2855 misericordie
602 2829 782 2864 supplicatur
804 2831 899 2863 gracia
924 2835 949 2855 et
977 2830 1189 2864 propiciacione

218 2878 331 2909 confisi,
352 2885 404 2903 nos
421 2886 471 2911 pro
487 2876 585 2903 eadem
606 2878 757 2903 sanctitate
775 2882 869 2903 vestra
889 2877 1025 2904 assiduos
1045 2883 1071 2904 et
1089 2886 1190 2913 perpe-

219 2932 285 2953 tuos
299 2925 506 2952 constituimus
522 2931 650 2951 oratores
665 2934 698 2951 ac
715 2925 748 2951 de
762 2925 880 2960 speciali
895 2934 929 2952 ac
944 2925 1083 2960 singulari
1099 2927 1190 2960 gratia

217 2973 354 3008 quamdiu
381 2974 508 3008 presenti
534 2974 591 2999 vita
616 2974 749 2999 fruemini
775 2981 859 3000 unani
885 2974 1002 3000 missam
1030 2973 1065 3000 de
1089 2978 1189 3001 sancto

722 347 772 375 LE
797 346 941 376 LIBER
962 344 1196 375 CENSUUM
1220 343 1275 373 DE
1299 335 1486 373 Lâ€˜EGLISE
1508 342 1720 373 ROMAINE.

1304 408 1414 444 Spiritu
1431 417 1464 435 ac
1479 409 1514 435 de
1529 408 1630 435 eodem
1646 408 1814 435 beatissimo
1830 407 1952 434 Martino
1968 408 1996 434 in
2010 408 2118 442 capella
2135 416 2188 434 sua
2205 411 2271 434 ante

1300 458 1406 484 lectum
1421 458 1524 492 ipsius,
1542 457 1570 484 in
1591 465 1648 492 quo
1666 457 1791 491 gloriosa
1811 458 1892 490 virgo
1909 456 1996 483 Maria
2013 464 2078 483 cum
2094 455 2272 483 beatissimis

1300 506 1496 540 apostolorum
1513 506 1692 541 principibus
1709 506 1804 540 ipsum
1820 505 2005 532 viventemin
2016 513 2137 539 corpore
2153 513 2273 539 presen-

1301 554 1412 581 cialiter
1427 554 1569 586 visitavit,
1587 554 1706 580 alternis
1722 554 1836 580 vicibus
1850 554 1978 588 quolibet
1993 561 2093 580 mense
2111 553 2273 580 celebrabi-

1301 611 1375 629 mus.
1396 603 1503 629 Audito
1520 611 1587 629 vero
1602 602 1734 637 ejusdcm
1750 603 1913 629 sanctitatis
1927 602 2007 628 obitu
2024 610 2112 636 quem
2127 600 2272 628 Dominus

1302 652 1412 678 felicem
1431 652 1514 678 faciat
1533 655 1561 678 et
1577 651 1702 683 beatum,
1721 651 1846 677 officium
1864 655 2042 677 mortuorum
2058 658 2124 677 cum
2140 650 2229 676 missa
2244 653 2273 676 et

1301 708 1504 734 campanarum
1523 699 1689 734 pulsacione
1704 699 1937 734 solempnissime
1948 698 2078 726 eamdem
2090 698 2272 725 sanctitatem

1302 753 1426 775 vestram
1445 752 1528 782 prout
1543 748 1625 774 decet
1642 748 1753 782 integre
1777 747 1976 782 persolvemus
1988 768 1994 779 â€š
2017 747 2197 780 ulteriusque
2221 753 2273 772 no-

1302 805 1366 823 men
1383 796 1513 830 ejusdem
1529 797 1690 823 sanctitatis
1707 800 1802 823 vestre
1825 803 1858 822 ac
1879 795 1968 829 patris
1990 799 2018 822 et
2041 796 2139 821 matris
2159 797 2274 821 vestro-

1303 853 1364 871 rum
1393 852 1466 879 quos
1490 844 1526 870 de
1551 844 1728 870 nobilissima
1752 852 1786 870 ac
1810 844 2052 870 christianissima
2075 843 2273 870 Romanorum

1304 892 1436 926 prosapia
1460 893 1593 918 novimus
1613 891 1801 918 descendisse
1824 892 1851 918 in
1871 892 2022 926 cathologo
2045 891 2227 918 fundatorum
2245 893 2274 917 et

1303 940 1518 967 benefactorum
1541 945 1704 966 nostrorum
1721 940 1754 966 ad
1773 944 1939 975 perpetuam
1955 939 2122 966 memoriam
2135 939 2274 966 faciemus

1305 989 1422 1015 inscribi
1443 997 1476 1015 ac
1497 989 1649 1023 diligenter
1671 989 1810 1015 annotari.
1830 987 1865 1014 Et
1886 996 1936 1022 pro
1960 987 2091 1022 eiusdem
2112 986 2274 1014 sanctitatis

1303 1042 1398 1064 vestre
1416 1045 1449 1063 ac
1468 1041 1617 1072 parentum
1636 1041 1796 1062 vestrorum
1818 1036 2011 1070 predictorum
2032 1035 2158 1062 remedio
2178 1039 2207 1062 et
2226 1043 2275 1061 sa-

1304 1087 1362 1112 lute
1387 1085 1533 1120 perpetuis
1558 1086 1738 1120 temporibus
1762 1093 1849 1112 unum
1874 1084 2102 1110 anniversarium
2127 1083 2275 1118 solempne

1303 1142 1370 1161 cum
1386 1134 1493 1167 officio,
1512 1134 1599 1160 missa
1615 1137 1644 1159 et
1661 1134 1827 1167 pulsacione
1847 1132 2011 1164 antedictis,
2036 1132 2097 1158 Deo
2118 1132 2275 1159 auxiliante

1304 1183 1333 1209 in
1349 1184 1425 1209 dicto
1441 1188 1540 1209 nostro
1561 1183 1734 1209 monasterio
1749 1183 1834 1208 annis
1850 1181 1975 1216 singulis
1995 1181 2222 1208 decantabimus.
2239 1179 2277 1207 Et

1306 1240 1362 1258 una
1377 1240 1442 1258 cum
1458 1232 1511 1258 lioc
1528 1232 1554 1257 in
1569 1230 1704 1257 omnibus
1719 1235 1748 1256 et
1764 1230 1888 1264 singulis
1905 1230 1988 1256 bouis
2002 1229 2204 1263 spiritualibus
2219 1236 2276 1263 que

1305 1280 1443 1314 deinceps
1459 1281 1486 1306 in
1505 1279 1642 1314 religione
1659 1284 1756 1305 nostra
1777 1279 1805 1305 in
1823 1279 1914 1313 capite
1930 1283 1958 1305 et
1975 1279 2001 1305 in
2021 1278 2157 1304 membris
2173 1282 2230 1304 tam
2246 1277 2275 1304 in

1305 1329 1485 1359 elemosinis,
1507 1329 1615 1360 missis,
1633 1328 1750 1361 vigiliis,
1763 1328 1895 1362 J'ejuniis,
1912 1327 2108 1358 oracionibus,
2125 1326 2276 1353 abstinen-

1305 1378 1376 1408 ciis,
1393 1377 1554 1411 disciplinis
1577 1381 1605 1402 et
1620 1377 1684 1402 aliis
1706 1376 1940 1410 quibuscumque.
1956 1375 2018 1402 fieri
2034 1375 2146 1401 dederit
2165 1375 2212 1401 ille
2226 1375 2275 1409 qui

1305 1430 1349 1452 est
1365 1426 1492 1452 omnium
1507 1429 1606 1451 auctor
1618 1425 1768 1455 bonorum,
1784 1425 1967 1450 consorcium
1980 1427 2007 1449 et
2023 1423 2276 1458 participacionem

1305 1474 1492 1501 concedimus
1509 1481 1559 1507 per
1574 1477 1733 1508 presentes.

1342 1522 1446 1549 Datum
1463 1522 1491 1548 in
1508 1521 1634 1556 capitulo
1650 1526 1748 1548 nostro
1760 1521 1814 1548 sub
1831 1521 1926 1555 sigillo
1939 1529 1996 1555 quo
2013 1521 2130 1552 utimur,
2143 1520 2189 1547 die
2205 1521 2277 1547 duo-

1306 1571 1417 1597 decima
1433 1570 1542 1597 mensis
1557 1571 1666 1604 marcii,
1681 1578 1756 1596 anno
1777 1569 1891 1596 Domini
1908 1569 2060 1596 millesimo
2081 1568 2279 1604 quadringen-

1306 1620 1410 1646 tesimo
1426 1619 1538 1645 decimo
1554 1622 1666 1644 octavo.
1685 1617 1734 1644 Sic
1746 1619 1822 1652 sign.
1841 1617 1880 1644 M.
1899 1617 1992 1644 Vitre.

1341 1667 1402 1703 Ego
1419 1675 1485 1693 vero
1503 1667 1649 1694 Robertus
1666 1667 1789 1697 Auelou,
1806 1666 1930 1692 clericus
1943 1665 2118 1693 Parisiensis
2129 1687 2135 1698 ,
2158 1670 2278 1701 aposto-

1306 1717 1360 1743 lica
1373 1720 1400 1742 et
1415 1715 1553 1750 imperiali
1569 1715 1790 1741 auctoritatibus
1807 1715 1936 1740 notarius
1952 1715 2182 1749 secretariusque
2197 1722 2279 1741 reve-

1307 1764 1472 1791 rendissimi
1498 1764 1525 1790 in
1552 1763 1666 1789 Christo
1691 1764 1782 1798 patris
1807 1763 1915 1789 domini
1942 1762 2080 1789 Ludovici
2105 1762 2160 1789 Dei
2182 1763 2280 1797 gracia

1307 1814 1438 1848 episcopi
1463 1812 1692 1847 Magalonensisâ€š
1721 1811 1822 1846 prefati
1837 1812 1945 1838 domini
1964 1812 2054 1838 nostri
2073 1820 2144 1846 pape
2165 1811 2280 1839 Martini

1309 1861 1352 1886 Vn
1370 1861 1594 1892 vicecamerarii,
1607 1861 1728 1886 litteram
1745 1861 1983 1895 suprascriptam,
2001 1868 2087 1894 quam
2104 1868 2214 1894 sanam,
2232 1860 2280 1886 in-

1307 1916 1416 1945 tegram
1432 1917 1460 1936 et
1476 1910 1586 1944 absque
1602 1918 1701 1935 rasura
1716 1917 1889 1943 quacunque
1906 1909 1999 1942 reperi
2014 1909 2156 1943 signatam
2175 1913 2206 1935 ut
2217 1910 2279 1943 jam

1307 1959 1496 1994 prescribitur
1512 1962 1540 1984 et
1555 1958 1708 1992 sigillatam
1725 1958 1820 1991 sigillo
1837 1957 1934 1991 prefati
1953 1957 2130 1988 monasterii,
2147 1961 2177 1983 ut
2191 1965 2282 1992 appa-

1307 2008 1387 2034 rebat
1402 2008 1428 2033 in
1447 2007 1541 2041 sigillo
1565 2006 1697 2040 pendenti
1718 2010 1746 2032 et
1767 2014 1834 2032 cera
1853 2005 1951 2037 viridi,
1972 2005 2006 2031 de
2029 2005 2162 2031 mandato
2185 2005 2282 2040 ipsius

1307 2056 1415 2082 domini
1437 2055 1566 2090 episcopi
1581 2059 1610 2081 et
1631 2055 1844 2081 vieecamerarii
1864 2053 2091 2088 supranominati
2111 2062 2197 2080 manu
2217 2061 2282 2080 mea

1307 2105 1422 2139 propria
1437 2104 1464 2130 in
1479 2104 1557 2130 hunc
1573 2103 1675 2129 librum
1692 2103 1755 2129 sive
1771 2102 1937 2129 censualem
1954 2101 2084 2128 Romane
2099 2101 2224 2128 ecclesie
2234 2109 2283 2128 re-
2297 2114 2301 2117 Â¹

1307 2153 1428 2187 gistravi
1450 2156 1478 2178 et
1506 2152 1610 2186 scripsi
1636 2151 1757 2177 fideliter
1779 2150 1815 2176 de
1838 2150 1925 2176 verbo
1946 2149 1980 2176 ad
2004 2150 2142 2184 verbum,
2169 2149 2208 2176 nil
2229 2149 2282 2176 ad-

1307 2202 1402 2228 dendo
1419 2201 1463 2227 vel
1480 2200 1635 2227 minuendo
1652 2201 1686 2226 de
1702 2200 1777 2226 dicta
1794 2199 1898 2232 littera,
1913 2201 1987 2234 queÂ¹
2005 2199 2032 2225 in
2049 2199 2145 2225 archis
2160 2199 2282 2226 thesau-

1310 2250 1384 2277 rarie
1401 2257 1514 2276 camere
1530 2249 1687 2284 apostolice
1704 2247 1887 2283 postmodum
1905 2247 2030 2282 reposita
2046 2247 2149 2274 extitit.

1272 2379 1295 2412 b)
1312 2377 1369 2404 Sur
1380 2377 1425 2403 des
1441 2377 1559 2409 [mulli-ts
1575 2378 1697 2406 vite-ants,
1715 2375 1736 2408 f.
1753 2376 1810 2401 :577
1820 2376 1931 2401 Î¹Î¼â€™-349.

1765 2457 1791 2482 5.

1272 2534 1382 2560 Rmms
1413 2532 1505 2559 Bosxs
1533 2539 1730 2558 rasa-mearent
1753 2539 1759 2558 :
1788 2539 1838 2557 rsa
1865 2538 1936 2560 onon
1962 2530 2105 2557 Romam
2135 2539 2283 2558 secessum

1309 2590 1444 2609 msrt'rt'tr
1464 2588 1592 2607 ueneni-:M
1605 2580 1625 2606 Â².

1343 2642 1375 2668 In
1402 2642 1517 2668 nomine
1540 2646 1640 2668 sancte
1661 2646 1688 2667 et
1709 2641 1858 2668 individue.
1872 2640 2022 2667 Trinitatis
2037 2639 2146 2672 Patris,
2170 2640 2234 2667 Filii
2254 2644 2283 2668 et

1310 2783 1334 2810 1.
1352 2783 1415 2809 eod.
1433 2789 1530 2816 quam.

1308 2830 1335 2857 2.
1352 2830 1456 2861 Rome,
1467 2830 1501 2856 '20
1515 2830 1632 2856 octobre
1646 2830 1721 2856 1478.
1733 2829 1944 2856 â€”Testament
1959 2828 1994 2854 de
2011 2827 2176 2860 catherine,
2191 2837 2284 2856 veuve

1271 2878 1309 2905 du
1327 2879 1442 2905 dernier
1458 2879 1499 2904 roi
1515 2878 1550 2904 de
1569 2877 1685 2910 Bosnie,
1701 2878 1829 2912 refugiee
1845 2879 1860 2904 a
1876 2877 1968 2904 Rome
1983 2877 2086 2912 depuis
2102 2877 2127 2904 la
2141 2877 2284 2912 conquete

1272 2926 1307 2953 de
1329 2935 1382 2953 son
1404 2935 1474 2962 pays
1495 2935 1544 2962 par
1561 2927 1603 2953 les
1618 2926 1711 2953 Tui-cs
1727 2926 1828 2959 (1â´63).
1844 2940 1878 2946 â€”
1893 2925 2026 2958 Theiner,
2045 2927 2117 2952 Mon.
2135 2925 2283 2952 Slavorum

1272 2976 1384 3007 Ï„Î·ÎµÎ½-á¼°á½½,
1403 2980 1422 3001 t.
1441 2974 1464 3007 1,
1485 2984 1513 3010 p.
1531 2975 1593 3003 509.
