2455 3560
632 371 681 400 LE
705 370 849 399 LIBER
871 367 1103 398 CENSUUM
1128 367 1181 396 DE
1204 357 1389 396 L’EGLISE
1413 365 1620 395 ROMAINE.
2133 363 2163 392 11

129 447 254 477 semper
275 443 416 476 agustus.
440 437 519 468 Cum
541 446 577 467 ex
599 435 776 475 imperialis
798 435 952 473 dignitate
974 434 1091 472 majes-

129 491 200 521 tatis
219 496 248 521 et
267 490 378 521 collate
395 490 488 520 nobis
504 489 661 519 divinitus
679 497 774 527 super
789 487 869 517 alios
888 496 977 525 reges
993 486 1091 516 excel-

128 544 239 580 lentie,
258 544 411 574 omnibus
427 543 580 579 ecclesiiS,
606 542 658 571 sed
682 541 830 580 precipue
851 540 982 570 ecclesie
1003 539 1090 578 prin-

129 596 431 636 cipisapostolorum
440 595 632 635 patrocinari
641 592 1093 632 teneamur,ersutilitatibus

132 659 338 690 nequaquam
355 650 464 679 deesse
480 657 648 687 possumus
671 649 718 676 vel
742 647 907 680 debemus,
930 655 969 675 ne
988 646 1022 674 in
1039 655 1091 675 ex-

134 708 232 733 tremo
250 703 335 740 regis
351 711 461 740 regum
484 700 631 731 omnium
654 699 775 738 judicio
798 699 944 737 disti-ipte
963 706 1092 736 respon-

131 756 205 786 dere
239 764 334 793 super
372 755 430 784 hoc
462 753 704 792 compellamur.
742 752 808 781 Hac
840 752 938 789 igitur
970 751 1093 781 inducti

132 809 266 845 ratione,
289 808 544 846 predecessorum
560 810 740 835 nostrorum
761 805 977 834 Romanorum
996 804 1095 842 impe-

132 866 275 891 ratorum
305 865 474 899 sequentes
499 860 532 888 in
557 859 639 888 bono
667 858 819 895 vestigia,
849 866 986 887 massam
1013 857 1096 886 beati

133 914 234 949 Petri,
262 922 324 951 que
346 912 497 942 Trabaria
513 912 641 947 dicitnr,
660 911 692 941 id
713 915 759 940 est
780 911 901 949 plebem
932 910 1043 940 Sistini
1067 914 1097 939 et

134 966 259 1005 plebem
279 965 366 995 Folie
382 970 411 994 et
434 964 557 1004 plebem
577 964 635 1000 Ici,
652 972 723 994 cum
744 963 865 1002 populis
887 966 917 992 et
932 964 1096 1002 pertiuen-

135 1019 186 1048 tiis
200 1027 310 1048 eorum
328 1023 358 1047 et
374 1027 446 1048 cum
463 1017 622 1047 universis
641 1017 787 1046 terminis
802 1017 880 1052 suis,
901 1017 959 1045 sub
976 1019 1094 1054 protec-

136 1072 220 1102 tione
256 1071 430 1110 majestatis
465 1075 570 1100 nostre
604 1079 640 1100 ac
672 1069 855 1099 munimine
892 1069 1095 1107 suscipimus.

134 1125 279 1154 Termini
296 1133 369 1154 vero
386 1124 432 1154 hii
450 1128 524 1153 sunt
543 1136 548 1153 z
567 1125 595 1153 A
612 1123 808 1153 Fontanellis
823 1122 861 1152 ad
877 1123 1019 1152 Mentem
1034 1122 1098 1151 Ma-

132 1177 235 1216 jorem
262 1177 397 1207 veniens
415 1179 577 1212 Asseram,
596 1176 729 1206 Albium
753 1185 853 1214 usque
877 1176 916 1205 ad
940 1176 1096 1212 Arsitum,

138 1232 328 1271 perveniens
341 1240 395 1269 per
405 1230 591 1260 Mariculam
606 1238 706 1268 usque
720 1230 758 1259 ad
770 1229 967 1267 Tmbellum,
982 1229 1099 1258 saliens

138 1294 192 1323 per
210 1283 432 1314 Novellectum
452 1293 507 1322 per
523 1284 664 1313 Montem
686 1284 856 1320 Majorem,
880 1287 909 1312 et
929 1291 983 1321 per
997 1282 1098 1312 Calci-

138 1338 268 1367 narium
285 1337 386 1366 sancti
401 1336 578 1372 Benedicti,
598 1341 627 1366 et
645 1346 699 1375 per
715 1336 851 1374 plateam
868 1341 899 1365 et
913 1336 1022 1374 pinam
1037 1334 1099 1365 ‘Mi-

139 1390 250 1420 ratorii
272 1395 301 1419 et
329 1390 501 1419 terminum
519 1389 611 1428 Spini
632 1393 662 1419 et
685 1390 810 1418 Petram
829 1389 953 1424 Latam,
972 1398 1034 1427 que
1056 1394 1102 1418 est

139 1443 389 1482 ‘Symontellum⁷
407 1443 603 1473 descendens
619 1452 674 1481 per
692 1442 853 1472 Mutinum
870 1443 1101 1481 comprendens

138 1496 320 1527 Caulettum
342 1505 415 1526 cuni
438 1496 642 1534 pertinentiis
662 1496 728 1525 suis
750 1496 962 1525 descendente
983 1496 1021 1525 ad
1042 1496 1101 1525 Fo-

139 1550 227 1587 liam,
241 1550 430 1588 perveniens
444 1558 545 1587 usque
558 1549 597 1578 ad
613 1549 762 1578 Litiolem
775 1554 805 1578 et
818 1549 888 1578 Mon
897 1554 957 1578 tem
972 1549 1101 1578 Novum

142 1612 241 1641 usque
263 1603 301 1632 ad
320 1603 528 1641 Paganicum‚
547 1603 662 1632 deinde
681 1604 815 1632 veniens
836 1612 936 1640 usque
954 1602 993 1631 ad
1010 1611 1102 1631 sauc-

144 1661 209 1686 tnrn
229 1656 364 1685 Paulum
384 1660 413 1686 et
439 1656 580 1686 Moutem
596 1655 769 1694 Spilerium
794 1665 894 1694 usque
909 1656 948 1684 ad
964 1660 1100 1684 castrum

141 1710 179 1739 de
206 1709 382 1747 Monspetio
408 1708 556 1747 Specioso
581 1718 680 1747 usque
703 1709 741 1738 ad
771 1709 941 1745 Materam,
971 1708 1104 1738 veniens

142 1773 197 1802 per
233 1763 361 1792 Serram
387 1762 425 1792 ad
464 1763 700 1792 Parnacianum
735 1772 836 1801 usque
873 1763 911 1791 ad
950 1763 1105 1801 hospitale

143 1816 242 1845 sancti
266 1815 401 1845 Antonii
423 1820 452 1844 et
474 1815 734 1849 heremitorium,
757 1819 786 1845 et
810 1816 847 1844 ad
867 1815 1023 1854 hospitale
1044 1816 1104 1846 Ra-

144 1868 219 1898 uolfi
238 1868 424 1897 revertendo
447 1877 546 1906 usque
568 1868 607 1896 ad
627 1868 842 1899 Fontanellas.
868 1869 914 1898 De
930 1874 1033 1898 cetero
1052 1879 1106 1907 per

144 1921 227 1951 hanc
244 1925 384 1950 nostram
402 1920 540 1950 divalem
557 1921 784 1960 pragmaticam
802 1922 981 1952 santionem
998 1923 1105 1952 decer-

146 1975 254 2003 nimus
275 1978 308 2003 ut
330 1973 419 2003 ullus
442 1975 541 2004 nostri
562 1974 691 2012 imperii
709 1976 857 2011 nuntius,
875 1975 938 2004 dux
957 1975 1003 2004 vel
1022 1985 1106 2004 mar-

144 2027 216 2057 chio
231 2051 238 2064 ‚
271 2035 377 2057 comes
408 2027 582 2057 vicecomes
612 2027 661 2056 vel
697 2027 850 2066 quiquam
885 2037 1018 2067 maguus
1054 2034 1108 2058 aut

145 2089 274 2119 parvus⁷
292 2080 446 2118 prefatam
465 2089 603 2110 massam
621 2089 694 2110 cum
718 2081 860 2119 plebibus
884 2082 964 2117 suis,
984 2082 1108 2120 populis

145 2142 272 2172 quoque
290 2140 319 2163 et
342 2134 505 2169 terminis,
524 2143 579 2172 per
600 2134 722 2173 aliquas
744 2136 924 2164 exactiones
942 2135 1108 2164 molestare

147 2186 196 2216 vel
212 2195 344 2224 gravare
362 2190 532 2225 presumat.
551 2187 642 2222 Quod
658 2187 685 2216 si
701 2187 779 2217 forte
794 2188 911 2226 aliquis
928 2191 1037 2217 contra
1051 2188 1109 2217 hoc

149 2244 256 2269 nostre
272 2239 447 2269 sanctionis
466 2240 619 2277 scriptum
639 2249 719 2269 ausu
737 2241 906 2270 temerario
923 2241 1024 2269 facere
1040 2250 1108 2279 pre-

148 2292 308 2327 sumserit,
326 2296 454 2321 centum
471 2291 570 2321 libras
587 2293 656 2321 auri
674 2301 728 2331 pro
746 2301 825 2331 pena
842 2297 1020 2331 componat,
1042 2302 1108 2322 ine-

148 2345 299 2374 dietatem
331 2345 492 2383 imperiali
525 2354 649 2375 camere
681 2346 873 2375 redditurus.
912 2347 1110 2385 Precipimus

149 2399 244 2428 etiam
268 2401 298 2427 et
319 2398 456 2427 firmiter
473 2398 678 2437 injungimus
693 2399 843 2429 omnibus
863 2400 989 2438 imperii
1005 2399 1109 2429 fideli-

149 2452 208 2481 bus
231 2455 266 2481 ut
286 2451 435 2482 homines
456 2451 494 2480 ad
515 2452 704 2490 obsequium
727 2452 863 2482 trabium
884 2453 1111 2491 undecumque

150 2505 324 2535 retinentes
349 2504 504 2534 attentius
531 2504 671 2534 habeant
698 2506 971 2535 recommendatos
999 2511 1029 2535 et
1058 2516 1112 2544 per

151 2567 287 2597 quorum
304 2557 372 2587 loco
392 2557 525 2596 populus
545 2558 613 2596 jam
635 2558 717 2588 dicte
734 2567 836 2588 masse
862 2559 964 2589 trabes
989 2559 1112 2588 debitas

151 2611 289 2648 duxerit,
305 2615 339 2640 ut
354 2610 413 2640 sub
428 2610 533 2641 debito
550 2611 712 2640 fidelitatis
736 2621 798 2650 qua
820 2613 910 2642 nobis
928 2617 958 2642 et
977 2613 1113 2651 imperio

152 2668 311 2698 tenentur,
341 2663 468 2693 nullum
492 2664 536 2693 eis
564 2664 716 2703 prebeant
741 2664 1030 2704 impedimentum,
1059 2665 1113 2694 sed

152 2717 256 2755 potius
276 2716 449 2746 consilium
474 2721 503 2746 et
524 2717 680 2746 auxilium
700 2718 903 2756 impendant,
930 2722 962 2748 ut
986 2719 1114 2748 basilica

150 2771 216 2808 jam
232 2769 309 2799 dicti
324 2770 480 2808 principis
495 2770 711 2808 apostolorum
725 2771 864 2808 singulis
882 2772 976 2801 anuis
995 2777 1030 2801 ut
1046 2781 1113 2801 mo-

153 2823 198 2851 ris
212 2826 258 2851 est
270 2823 345 2861 jura
360 2831 416 2851 sua
434 2823 575 2860 recipiat,
594 2826 624 2851 et
640 2831 697 2852 nos
711 2828 779 2861 post
794 2825 950 2861 presentis
966 2825 1028 2854 vite
1044 2833 1113 2854 cur-

154 2875 256 2905 ricula
283 2875 421 2914 paradisi
449 2875 564 2913 gaudia
592 2876 778 2914 suscipiant.
806 2877 922 2906 Datum
946 2877 978 2906 in
1005 2878 1114 2907 castris

155 2928 239 2967 apud
257 2928 399 2958 lnsulam
418 2929 501 2957 beati
519 2929 621 2964 Petri,
640 2937 725 2958 auno
742 2929 903 2959 dominice
922 2930 1114 2960 iucarnatio-

156 2982 208 3011 nis
228 2981 446 3016 M⁰CC⁰VIIII,
465 2990 541 3012 non.
558 2981 670 3018 octob,
688 2981 862 3012 indictione
880 2983 988 3012 XIIII.

1656 433 1684 461 3.

1253 537 1310 566 In¹
1329 537 1460 566 nomine
1475 537 1617 571 Domini,
1633 546 1738 566 amen.
1758 538 1852 566 Anno
1868 536 2010 574 ejusdem
2025 544 2042 563 a
2059 535 2170 564 nativi-

1215 594 1275 620 tate
1300 589 1533 624 M⁰CC⁰LVllI,
1560 590 1736 619 indictione
1753 590 1781 624 1,
1802 590 1852 618 die
1872 589 1900 618 Il
1926 597 2034 618 mense
2055 588 2170 626 janua-

1214 643 1261 672 rio
1286 644 1441 677 intrante,
1472 646 1609 680 tempore
1637 642 1758 671 domiui
1782 641 1959 671 Alexandri
1992 650 2066 679 pape
2092 641 2167 670 IIIl.

1214 695 1355 726 Consilio
1371 695 1498 734 speciali
1518 700 1545 723 et
1566 695 1707 732 generali
1725 700 1754 724 et
1776 700 1903 724 centnm
1920 699 2100 724 vocatorum
2119 702 2172 731 per

1215 754 1335 788 portam
1357 753 1510 778 rectorum
1526 748 1642 777 artium
1658 751 1686 777 et
1701 748 1880 777 bailitorum
1897 748 2079 776 societatum
2095 747 2171 775 civi-

1217 802 1288 831 tatis
1305 801 1474 837 Perusiae,
1495 801 1531 829 ad
1550 809 1661 829 sonum
1680 809 1905 838 campanarum
1926 804 1955 829 et
1974 808 2046 829 voce
2067 808 2173 837 preco—

1216 855 1283 890 nia,
1304 854 1340 883 ad
1362 853 1547 892 petitionem
1576 852 1767 882 venerabilis
1791 853 1848 882 viri
1866 853 1988 883 domini
2005 853 2114 882 Uberti
2134 853 2171 882 de

1217 907 1397 936 Cochenato
1428 906 1552 935 domiui
1581 915 1657 944 pape
1683 906 1867 935 subdiaconi
1899 910 1927 935 et
1958 905 2112 944 capellani
2139 905 2172 934 in

1218 960 1333 998 palatio
1346 959 1484 988 civitatis
1502 959 1638 996 predicte
1653 967 1739 987 more
1754 958 1847 988 solito
1863 963 2061 995 congregato,
2076 958 2174 987 dorni-

1219 1022 1280 1042 nus
1296 1012 1457 1042 Orlaudus
1473 1011 1631 1041 Gnidonis
1650 1011 1746 1040 Bonis
1765 1011 1802 1040 de
1818 1012 1928 1039 Parma
1944 1011 2173 1040 Perusinorum

1218 1070 1353 1105 potestas
1370 1070 1399 1094 et
1414 1065 1565 1094 domiuus
1581 1064 1692 1093 Gallus
1711 1064 1908 1093 Horribellus
1923 1065 2105 1102 capitaneus
2123 1072 2176 1102 po-

1219 1119 1284 1158 puli
1302 1119 1438 1148 civitatis
1454 1118 1569 1156 ipsius,
1587 1118 1617 1146 iu
1637 1117 1703 1155 ipso
1725 1117 1874 1149 consilio,
1895 1121 1923 1146 et
1943 1121 2039 1146 10111111
2057 1117 2176 1154 predic-

1220 1178 1286 1202 tum
1306 1172 1477 1202 consilium
1497 1171 1589 1199 simul
1610 1180 1682 1200 cuni
1703 1171 1759 1207 eis,
1778 1174 1807 1199 et
1822 1179 1933 1199 omnes
1951 1174 1979 1199 et
2001 1169 2119 1207 singuli
2139 1170 2177 1199 de

1220 1227 1287 1264 ipso
1300 1225 1432 1255 consilio
1449 1224 1647 1254 unanimiter
1665 1225 1793 1253 nemine
1809 1223 2008 1261 discrepante
2026 1224 2177 1252 feceruut.

1221 1279 1466 1313 constituerunt,
1492 1265 1724 1307 ordinaverunt
1747 1282 1776 1306 et
1800 1282 1988 1306 creaverunt
2012 1276 2178 1305 dominum

1221 1332 1409 1362 Raiuerium
1439 1330 1664 1360 Heneveuiatis
1692 1329 1907 1359 Bai-tholomei
1933 1329 2073 1358 Petrncii
2094 1329 2179 1366 judi-

1222 1395 1288 1415 cem
1314 1395 1405 1414 51111111
1431 1389 1460 1413 01
1479 1384 1660 1414 001110101115
1688 1383 1811 1412 Perusii
1833 1382 2002 1420 syndicum
2016 1404 2022 1415 ,
2043 1386 2179 1411 actorem

1223 1448 1276 1469 seu
1296 1443 1529 1476 procuratorem
1549 1437 1586 1465 ad
1609 1436 1825 1475 recipiendum
1848 1436 1979 1464 nomine
1994 1435 2135 1472 ipsorum
2153 1440 2181 1463 et

1223 1492 1403 1522 communis
1427 1490 1560 1529 predicti
1586 1490 1769 1519 comitatum
1795 1488 2002 1526 Eugubinum
2031 1488 2113 1526 quod
2139 1492 2185 1516 est

1224 1545 1367 1574 Romane
1389 1543 1526 1572 Ecclesie
1547 1541 1693 1580 speciale,
1710 1542 1792 1578 jura,
1811 1541 2050 1579 jurisdictiones
2068 1546 2096 1569 et
2115 1549 2183 1578 pro-

1224 1598 1338 1627 ventus
1357 1596 1501 1635 ejusdem
1525 1605 1598 1624 cum
1621 1594 1772 1623 omnibns
1798 1594 1998 1632 pertinentiis
2017 1594 2184 1623 comitatus

1226 1652 1338 1690 ipsius,
1356 1660 1373 1678 a
1390 1649 1535 1678 kalendis
1548 1648 1691 1686 januarii
1709 1648 1786 1676 anui
1805 1648 1935 1677 Domini
1955 1647 2183 1682 Miccinvltt,

1227 1712 1328 1741 usque
1344 1702 1381 1730 ad
1399 1700 1678 1740 quinquennium,
1695 1709 1711 1728 a
1730 1699 1813 1728 dicto
1828 1698 1960 1727 domino
1979 1698 2096 1727 Uberto
2111 1706 2185 1726 con-

1226 1757 1357 1787 cedente
1384 1761 1413 1784 et
1437 1755 1532 1783 dante
1556 1754 1686 1782 nomine
1709 1753 1838 1782 ecclesie
1863 1752 2022 1787 Romane,
2050 1751 2186 1780 habente

1227 1819 1323 1848 super
1340 1809 1396 1838 hoc
1414 1807 1549 1846 speciale
1567 1806 1771 1841 mandatum,
1797 1806 1876 1834 sicut
1899 1805 1931 1833 111
1958 1804 2069 1833 litteris
2088 1804 2187 1842 ipsius

1227 1864 1348 1893 domiui
1375 1871 1452 1900 pape
1481 1870 1553 1889 vera
1578 1860 1663 1888 bulla
1689 1859 1819 1888 bullatis
1848 1858 1969 1896 plenius
1994 1859 2185 1892 continetur,

1228 1916 1286 1946 sub
1313 1924 1408 1944 ceusu
1439 1922 1547 1943 annuo
1576 1912 1784 1941 ducentarum
1812 1911 1966 1939 librarum
1996 1910 2187 1939 Senensiuui

1228 1977 1396 2008 parvorum
1424 1976 1547 1996 camere,
1568 1965 1691 1994 domiui
1717 1974 1792 2002 pape
1819 1964 1851 1992 111
1878 1963 2025 1992 kalendis
2046 1962 2188 2000 januarii

1229 2023 1411 2060 ubicunque
1438 2021 1530 2049 suerit
1555 2019 1801 2052 solvendarum„
1825 2021 1853 2045 et
1875 2016 2111 2046 conditionibus
2137 2015 2188 2043 iu-

1229 2075 1416 2113 l'rascriptis,
1446 2073 1604 2107 videlicet,
1633 2071 1714 2110 quod
1747 2071 1852 2109 ipsum
1878 2069 2075 2103 comitatum,
2104 2069 2189 2105 jura.

1226 2127 1468 2167 jurisdictiones
1485 2131 1514 2155 et
1536 2129 1710 2163 proventus
1728 2123 1870 2161 ejusdem
1893 2131 2038 2160 expensis
2058 2120 2191 2159 propriis

1230 2180 1463 2219 recuperabunt
1478 2188 1495 2208 a
1511 2178 1654 2217 quolibet
1676 2177 1837 2206 detentore
1854 2184 1889 2204 ac
1909 2175 2005 2204 etiam
2024 2175 2190 2208 invasore;

1231 2240 1260 2263 et
1276 2235 1380 2272 ipsum
1400 2242 1417 2261 a
1434 2232 1576 2271 quolibet
1590 2230 1790 2259 molestatore
1806 2228 1993 2261 defeudent;
2012 2232 2040 2255 et
2056 2226 2190 2255 eundem

1232 2289 1263 2316 in
1291 2288 1373 2316 bono
1399 2292 1479 2314 statu
1508 2294 1561 2322 per
1582 2284 1690 2313 omnia
1713 2282 1957 2316 conservabunt,
1987 2280 2137 2309 tenebunt
2165 2284 2194 2307 et

1233 2340 1438 2379 possidebunt
1471 2339 1573 2376 ipsum
1588 2359 1595 2373 ,
1625 2336 1787 2366 dumtaxat
1819 2343 1918 2372 usque
1947 2334 1985 2362 ad
2020 2332 2192 2362 terminum

1232 2393 1453 2426 coustitutum,
1472 2391 1602 2420 nomine
1617 2389 1748 2419 ecclesie
1766 2387 1963 2426 supradicte3
1982 2391 2096 2415 extunc
2114 2394 2191 2414 eun-

1233 2447 1304 2477 dem
1320 2446 1505 2476 comitatum
1524 2453 1596 2473 cum
1610 2443 1698 2472 omui
1713 2441 1934 2471 melioratione
1951 2440 2045 2469 etiam
2059 2438 2194 2477 propriis

1234 2499 1378 2538 expensis
1402 2498 1493 2534 sacta,
1520 2502 1550 2526 et
1576 2496 1640 2525 hiis
1665 2504 1726 2533 que
1753 2494 1891 2524 emerint
1916 2492 1964 2522 vel
1987 2490 2195 2530 acquisierint

1234 2552 1342 2591 aliquo
1362 2551 1450 2581 titulo
1468 2551 1502 2579 in
1519 2550 1629 2579 eodem
1646 2557 1700 2578 seu
1717 2548 1800 2577 infra
1817 2547 1896 2576 fines
1914 2545 2066 2584 ejusdem,
2089 2544 2194 2582 ipsum

1235 2607 1379 2636 Romane
1400 2604 1530 2634 ecclesie
1554 2612 1608 2631 5011
1630 2601 1751 2631 nuntiis
1774 2600 1823 2630 vel
1847 2600 1960 2629 nuntio
1981 2598 2080 2636 ipsius
2100 2597 2195 2625 resti-

1234 2664 1325 2689 tuent
1340 2659 1517 2696 integrum,
1534 2656 1671 2685 liberum
1696 2658 1725 2684 et
1749 2663 1766 2682 a
1787 2652 1968 2683 conditione
1984 2649 2126 2689 qualibet
2143 2649 2193 2678 ab-

1236 2713 1392 2748 solutum;
1406 2716 1436 2741 et
1446 2710 1528 2750 quod
1540 2709 1625 2738 idem
1636 2709 1803 2738 comitatus
1817 2715 1889 2735 cuin
1903 2705 2052 2735 omnibus
2064 2703 2195 2742 juribus

1234 2893 1258 2919 l.
1276 2891 1417 2923 Perouse,
1436 2889 1449 2915 *2
1465 2890 1575 2923 janvier
1597 2887 1670 2913 1:¹53.
1690 2901 1720 2905 —
1736 2886 1871 2917 Theiner,
1890 2890 1917 2908 u0
1935 2884 1994 2909 2451.
2013 2898 2044 2901 —
2064 2882 2098 2907 La
2118 2889 2199 2907 com-

1198 2949 1284 2968 mune
1300 2940 1334 2965 de
1353 2939 1478 2965 Pei-cnse
1495 2940 1638 2963 constitue
1655 2944 1690 2961 un
1708 2934 1810 2969 syudic
1833 2934 1937 2966 charge
1961 2933 1993 2956 de
2014 2930 2140 2957 rect—voit·
2163 2937 2197 2954 en

1199 2998 1251 3017 son
1269 2997 1332 3015 nom
1351 2989 1374 3013 le
1391 2989 1483 3013 comte
1503 2987 1536 3011 de
1558 2985 1686 3017 tiubbio,
1704 2991 1760 3017 que
1778 2984 1801 3007 le
1820 2981 2003 3014 saint-Siege
2020 2979 2057 3004 1111
2074 2976 2198 3004 concede

1200 3047 1271 3074 pour
1286 3038 1351 3071 cinq
1367 3044 1429 3062 aus.
