2455 3560
616 356 666 386 LE
689 355 834 384 LIBER
856 353 1088 384 CENSUUM
1112 353 1166 382 DE
1190 347 1375 382 L'EGLISE
1399 351 1605 380 ROMAINE.
2112 347 2148 377 59

111 424 240 455 soribus
261 424 495 463 imperpetuum
511 422 620 453 omnia
639 422 720 452 bona
741 430 867 456 earnm,
891 420 1022 450 mobilia
1042 423 1072 448 et

113 477 306 511 immobilia,
327 476 484 515 presentia
500 481 530 505 et
545 475 664 509 sutura,
684 474 716 503 in
734 474 851 512 quibus
867 473 1001 502 liberam
1018 480 1071 510 po-

115 535 258 560 testatem
282 534 312 559 et
332 528 496 559 licentiam
516 527 672 558 concessit
692 536 728 556 ea
745 535 871 564 capere,
890 525 1026 555 vendere
1043 529 1074 554 et

113 583 265 618 alienare,
292 591 393 620 usque
411 581 449 610 ad
470 581 629 618 integram
652 579 900 609 satisfactionem
919 578 1072 617 predicto-

115 645 204 672 rum;
221 636 259 665 de
275 634 392 673 quibus
407 633 556 672 dampnis
573 638 602 662 et
616 632 762 671 expensis
778 636 808 660 et
823 632 976 660 interesse
992 635 1074 660 stare

114 689 286 718 voluerunt
315 686 453 725 simplici
481 686 576 715 verbo
604 685 746 722 legitime
774 692 906 722 persone
932 684 1074 713 Romane

116 742 248 773 ecclesie
279 741 400 779 absque
430 739 493 769 alia
523 738 708 768 difficultate
740 738 973 776 probationum.
1007 737 1075 772 Que

114 795 225 826 omnia
246 799 275 824 et
292 793 418 832 singula
436 793 512 822 dicti
538 796 752 831 procuratores
773 791 902 821 nomine
918 790 1074 819 dictarum

114 848 318 879 dominarum
336 851 366 876 et
381 855 436 885 pro
452 846 497 875 eis
513 851 543 875 et
558 854 668 874 earum
687 844 857 874 heredibus
873 847 903 873 et
918 851 1077 873 successo-

115 901 205 931 ribus
226 900 463 939 imperpetuum
491 898 745 937 repromiserunt
768 896 925 935 sepedicto
947 895 1077 925 domino

115 953 266 991 magistro
282 952 413 982 Alberto
430 952 500 981 vice
515 956 544 980 et
562 950 691 980 nomine
706 949 832 979 domini
849 958 936 988 pape,
954 958 1010 978 sue
1025 958 1077 978 ca-

114 1015 214 1042 mere,
227 1009 257 1035 et
273 1014 327 1044 pro
341 1005 487 1035 Romana
503 1003 635 1034 ecclesia
648 1004 883 1042 imperpetuum
902 1001 1076 1038 attendere,

115 1058 299 1094 defendere,
324 1057 500 1096 adimplere
515 1062 545 1087 et
564 1061 673 1086 contra
690 1064 751 1085 uon
770 1055 892 1092 venire,
916 1055 975 1084 sub
997 1063 1078 1093 pena

116 1112 192 1142 dicti
223 1112 315 1150 pretii
344 1110 444 1149 dupli.
473 1110 542 1146 Qua
571 1109 674 1139 soluta
700 1108 750 1138 vel
779 1117 862 1145 non-⁷
887 1109 944 1137 hec
969 1108 1079 1137 omnia

117 1164 351 1195 nichilominus
366 1164 401 1193 in
417 1172 473 1193 sua
488 1162 639 1192 firmitate
656 1161 838 1200 perdurent.

157 1219 272 1247 Actum
290 1217 401 1252 Rome,
418 1216 453 1245 111
471 1215 623 1253 gradihus
638 1214 768 1244 basilice
785 1213 941 1252 principis
953 1218 1079 1252 aposto-

116 1271 222 1301 lorum
247 1270 286 1300 de
309 1269 415 1306 Urbe,
442 1268 570 1298 Matheo
597 1268 636 1297 de
660 1267 830 1306 Ylperino,
855 1266 1079 1297 Bartholomeo

116 1323 313 1361 Civagruga,
345 1322 477 1352 domino
504 1321 634 1351 Andrea
660 1321 699 1350 de
731 1321 838 1350 Monte
867 1324 897 1349 et
929 1320 1079 1358 magistro

118 1376 268 1415 Philippo
284 1375 443 1406 Jo'nannis
458 1375 497 1405 de
513 1374 656 1412 Spoleto,
675 1374 804 1404 testibus
823 1373 863 1402 ad
883 1372 942 1403 hec
962 1373 1080 1403 vocatis

119 1433 149 1459 et
167 1428 296 1467 rogatis.

160 1482 225 1520 Ego
244 1482 426 1520 Stephanus
431 1503 490 1511 .....

556 1594 604 1623 28.

161 1695 199 1725 In
220 1697 228 1716 ¹
259 1695 392 1725 nomine
432 1695 574 1725 Domini.
609 1694 725 1724 Eodem
757 1703 859 1730 anno,
891 1695 1083 1731 indictione,

122 1757 232 1778 mense
253 1753 282 1777 et
301 1748 369 1783 die,
388 1748 465 1777 etin
484 1747 643 1786 presentia
657 1747 814 1776 dictorum
832 1747 959 1777 testium
976 1752 1004 1777 et
1021 1748 1082 1777 mei

122 1801 277 1840 Stephani
293 1800 414 1840 judicis
432 1805 462 1830 et
481 1799 658 1835 scriniarii,
673 1800 812 1830 ι1110011115
833 1800 932 1830 Bufus
947 1802 1084 1830 scrinia—

122 1854 190 1884 rius
205 1853 244 1884 de
258 1853 559 1891 Scangalemosinis,
579 1858 609 1882 et
623 1852 872 1883 Omniasanctus
886 1852 970 1882 filius
981 1862 1085 1892 quon-

122 1908 196 1937 dam
211 1907 322 1937 Jacobi
339 1905 537 1944 Maringelli,
554 1906 627 1935 data
642 1915 716 1944 pace
730 1906 769 1935 ab
788 1914 824 1936 eo
845 1906 975 1936 nomine
995 1907 1086 1944 jura-

123 1961 224 1991 menti
245 1961 283 1990 de
303 1959 518 1998 infrascriptis
540 1959 679 1989 fideliter
695 1959 902 1989 observandis
923 1964 952 1989 et
976 1965 1086 1990 contra

124 2022 188 2044 non
216 2013 386 2043 veniendis
412 2014 534 2042 ratione
560 2012 696 2042 minoris
720 2013 809 2042 etatis
837 2012 885 2042 vel
915 2012 978 2042 alio
1007 2021 1086 2051 quo-

123 2075 261 2104 cumque
286 2066 396 2101 modo,
424 2066 497 2104 jure
520 2065 571 2095 vel
594 2073 703 2099 causa,
728 2069 903 2104 spontanea
926 2065 1087 2096 voluntate

124 2120 294 2155 dederunt,
309 2118 524 2149 vendiderunt
538 2123 567 2148 et
582 2123 808 2148 concesserunt
824 2118 1003 2148 venerabili
1018 2119 1087 2149 viro

125 2173 257 2203 domino
278 2172 430 2209 magistro
449 2171 580 2201 Alberto
599 2171 637 2201 de
654 2171 770 2200 Parma
785 2171 914 2200 basilice
933 2172 1087 2210 principis

126 2224 340 2264 apostolorum
369 2225 523 2254 canonico
548 2228 578 2254 et
602 2224 839 2260 elemosinario,
867 2224 1036 2263 recipienti
1059 2230 1089 2254 et

126 2278 247 2308 ementi
268 2277 401 2307 nomine
420 2282 451 2307 et
471 2277 541 2307 vice
556 2277 678 2307 domini
695 2286 773 2316 pape
793 2281 822 2306 et
837 2285 961 2307 camere
977 2287 1033 2308 sue
1049 2278 1088 2307 ad

126 2340 205 2370 opus
221 2336 251 2361 et
267 2330 437 2361 utilitatem
454 2330 599 2360 Romane
614 2329 745 2360 ecclesie
757 2331 829 2368 J'ure
845 2331 969 2368 proprio
985 2335 1014 2360 et
1028 2331 1089 2360 im-

127 2389 329 2423 perpetuum,
345 2392 443 2413 unam
458 2383 591 2414 domum
608 2384 674 2413 sive
685 2383 867 2413 casarinnm
879 2392 991 2414 eorum
1004 2385 1089 2422 quod

130 2446 232 2476 nuper
243 2436 403 2466 dirrutum
420 2446 475 2466 seu
489 2436 683 2466 destructum
697 2435 792 2465 estde
806 2436 966 2466 voluntate
978 2445 1089 2466 eorum

130 2499 184 2530 pro
205 2489 389 2528 amplianda
408 2490 461 2519 via
483 2498 545 2528 qua
568 2489 633 2518 itur
653 2489 692 2518 ad
716 2497 804 2518 sacra
827 2488 944 2527 palatia
965 2489 1090 2519 domini

128 2552 218 2583 pape,
242 2543 326 2581 quod
344 2543 482 2581 positum
500 2547 546 2572 est
562 2542 596 2571 in
612 2541 741 2572 civitate
757 2542 935 2578 Leoniana,
952 2550 1090 2580 quorum

129 2597 281 2627 dixerunt
302 2605 371 2626 esse
396 2595 472 2626 tales
493 2595 646 2626 confines.
671 2595 722 2626 Ab
747 2603 811 2625 nno
830 2594 928 2624 latere
955 2595 1092 2634 desuper

132 2654 241 2680 tenent
264 2649 397 2679 heredes
419 2648 496 2679 olim
520 2648 737 2679 Bartholomei
761 2648 891 2683 Bavosi,
908 2647 947 2677 ab
964 2647 1028 2678 alio
1046 2653 1091 2678 te-

129 2829 154 2854 1.
171 2827 264 2854 Meme
279 2827 354 2854 date.
365 2826 495 2853 —Deux
510 2826 722 2861 proprietaires,
739 2826 875 2860 designes
890 2834 1002 2853 comme
1016 2826 1093 2852 timi-

93 2876 212 2911 trophes
227 2875 298 2902 dans
314 2875 396 2902 l'acte
415 2874 584 2910 precedent,
601 2875 727 2901 vendent
746 2882 782 2901 311
805 2875 897 2900 meme
918 2874 1093 2901 mandataire

93 2925 132 2952 du
148 2925 333 2959 saint-stege
345 2933 401 2951 une
413 2924 522 2951 maison
534 2923 598 2958 deja
608 2923 731 2950 den-uite
743 2931 815 2958 pour
826 2922 1095 2958 l'agrandissement

93 2973 129 3000 de
144 2974 170 3000 la
186 2981 236 3000 rue
251 2973 301 3008 qui
317 2974 399 3000 mene
414 2981 470 3000 aux
486 2973 575 3007 pelais
588 2974 695 3003 530105,
712 2972 770 2998 sise
785 2973 890 3006 aupres
905 2971 939 2998 de
954 2971 979 2998 la
994 2973 1095 3006 prece-

93 3022 190 3049 dente.

1194 422 1334 447 nuel-unt
1350 417 1482 446 heredes
1495 417 1655 455 qnondam
1672 416 1795 445 domini
1812 415 1970 445 Johannis
1988 413 2149 444 Venti-ocii

1194 475 1223 499 et
1239 469 1328 500 Oddo
1346 469 1516 506 pangonus
1541 474 1568 497 et
1593 468 1720 497 basilica
1738 467 1919 505 supradicta
1938 472 1967 496 et
1984 475 2069 495 nunc
2087 466 2148 495 lto-

1195 531 1289 551 mana
1309 521 1450 555 ecclesia,
1469 525 1495 550 ct
1513 521 1551 549 ab
1567 521 1638 549 aliis
1655 525 1727 549 ante
1745 526 1806 549 eta
1823 520 1918 548 latere
1935 524 2009 547 snut
2026 519 2074 547 vic
2090 528 2150 556 qne

1194 575 1315 604 vadunt
1330 575 1368 603 ad
1384 573 1466 602 dicta
1487 573 1599 611 palatia
1618 583 1715 609 sacra,
1731 578 1759 601 et
1775 573 1800 601 si
1813 573 1868 610 qui
1885 571 1939 601 alii
1957 576 2031 600 sunt
2047 571 2150 600 verio-

1196 637 1244 658 res
1267 628 1426 662 confines;
1447 627 1483 655 ad
1503 626 1683 655 habendum
1691 648 1750 655 .....
1767 634 1822 663 pro
1840 625 1937 663 pretio
1952 628 2079 653 centurn
2096 624 2150 653 de-

1195 690 1262 710 cem
1279 680 1433 709 librarum
1457 679 1694 717 provesinorum
1717 678 1799 716 qnod
1824 677 1953 715 predicti
1972 677 2151 706 venditores

1196 734 1317 763 contexi
1335 737 1408 762 sunt
1424 736 1453 761 et
1469 732 1608 761 contenti
1626 741 1693 760 sese
1713 732 1751 760 ab
1768 733 1833 769 ipso
1856 730 1986 760 domino
2003 729 2151 767 magistro

1198 786 1328 816 Alberto
1344 786 1426 815 etde
1440 794 1564 814 camera
1581 784 1702 813 domini
1721 792 1796 821 pape
1814 784 1966 820 recepisse
1971 805 2030 812 .....

1237 842 1351 868 Actum
1367 839 1474 873 1101110,
1488 838 1519 866 in
1537 837 1687 874 gradibus
1701 836 1783 865 dicte
1797 836 1935 869 basilice,
1954 834 2149 873 presentibus

1200 891 1326 922 Matheo
1341 892 1378 919 de
1394 890 1558 929 Ylperino,
1576 888 1798 918 Bai-tholomeo
1814 889 2008 925 Cevagrnga,
2021 887 2152 917 domino

1200 945 1329 974 Audi-ea
1351 944 1388 972 de
1410 944 1516 972 Monte
1536 947 1565 971 et
1588 942 1737 979 magistro
1759 941 1906 978 Philippo
1930 940 2091 970 Johannis
2116 940 2153 968 de

1199 997 1335 1036 Spoleto,
1356 996 1486 1026 testibus
1499 995 1537 1024 ad
1554 995 1611 1024 hcc
1629 995 1744 1024 vocatis
1761 999 1789 1023 et
1806 994 1932 1031 rogatis.

1240 1051 1304 1088 Ego
1323 1049 1503 1087 Stephanus
1510 1070 1568 1077 .....

1637 1161 1684 1189 29.

1241 1264 1278 1293 In
1306 1264 1315 1282 ¹
1351 1262 1480 1291 nomine
1518 1259 1658 1289 Domini.
1698 1260 1792 1287 Auno
1824 1258 1954 1287 Domini
1989 1256 2158 1286 millesimo

1201 1314 1467 1349 CC0LxxvtIt0,
1495 1318 1633 1351 tempore
1658 1311 1782 1341 domini
1804 1310 1930 1340 Nicolai
1956 1310 2039 1338 tertii
2065 1318 2156 1348 pape,

1202 1369 1378 1399 indictione
1395 1371 1492 1401 sexta,
1511 1373 1620 1395 mense
1636 1363 1789 1394 Februarii
1804 1363 1854 1392 die
1871 1362 1925 1392 11⁰.
1946 1362 1982 1391 ln
2001 1361 2159 1400 presentia

1203 1422 1267 1452 mei
1287 1420 1442 1460 Stephani
1460 1419 1578 1458 judicis
1601 1422 1630 1447 et
1652 1417 1815 1447 scriniarii
1839 1420 1868 1445 et
1892 1416 2006 1445 horum
2032 1415 2159 1444 testium

1202 1475 1242 1504 ad
1264 1475 1321 1504 hec
1343 1472 1522 1511 specialiter
1542 1475 1724 1500 vocatorum
1747 1475 1777 1499 et
1798 1473 1991 1506 rogatorum,
2015 1467 2160 1496 Matheus

1203 1528 1290 1558 filins
1305 1527 1383 1556 olim
1400 1524 1615 1554 Bartholomei
1630 1522 1746 1552 Bavosi
1761 1522 1799 1552 de
1813 1521 1973 1551 Malioczis
1989 1525 2161 1559 spontanea

1203 1581 1364 1611 voluntate
1381 1578 1478 1614 dedit,
1493 1576 1637 1606 vendidit
1652 1579 1681 1605 et
1699 1575 1855 1605 concessit
1869 1574 2004 1603 discreto
2020 1573 2087 1602 viro
2105 1572 2160 1602 do-

1204 1634 1292 1664 mino
1318 1631 1469 1669 magistro
1493 1629 1623 1659 Alberto
1650 1629 1688 1658 de
1713 1629 1828 1657 Parma
1853 1626 2007 1656 canonico
2032 1625 2161 1655 basilice

1206 1686 1358 1726 principis
1384 1683 1598 1723 apostolorum
1624 1687 1654 1711 et
1678 1680 1916 1716 elemosinario,
1943 1679 2107 1717 recipienti
2133 1683 2163 1707 et

1206 1740 1325 1769 ementi
1348 1737 1478 1767 nomine
1491 1740 1521 1765 et
1539 1735 1605 1764 vice
1623 1734 1746 1763 domini
1763 1742 1851 1771 pape,
1873 1733 1942 1770 ejus
1963 1740 2100 1768 camere,
2122 1730 2163 1760 ad

1205 1801 1283 1831 opus
1300 1797 1329 1821 et
1343 1789 1509 1819 utilitatem
1528 1788 1671 1817 Romane
1686 1786 1817 1815 ecclesie
1829 1786 1901 1824 jure
1916 1783 2043 1823 proprio
2060 1787 2090 1813 et
2104 1783 2163 1812 im-

1206 1850 1404 1885 perpetuum,
1422 1850 1520 1871 unam
1537 1841 1667 1870 domum
1683 1839 1868 1872 sininatam,
1887 1838 2020 1877 positam
2036 1837 2070 1866 in
2086 1836 2163 1866 civi-

1207 1902 1268 1928 tate
1285 1896 1446 1926 Leoniana
1461 1895 1550 1932 juxta
1568 1892 1684 1930 gradus
1699 1891 1782 1921 dicte
1797 1890 1944 1924 basilice,
1962 1897 2023 1927 qne
2044 1888 2164 1918 dirruta

1206 1951 1267 1981 fuit
1283 1950 1321 1979 de
1338 1949 1499 1978 voluntate
1518 1947 1618 1985 ipsius
1634 1944 1810 1975 venditoris
1832 1952 1886 1981 pro
1907 1942 2091 1981 amplianda
2112 1941 2165 1970 via

1207 2013 1268 2043 que
1292 2002 1380 2032 vadit
1403 2000 1441 2030 ad
1464 2008 1552 2029 sacra
1575 1997 1690 2037 palatia
1712 1997 1787 2026 dicti
1808 1996 1930 2026 domiui
1957 2003 2048 2033 pape,
2072 1994 2165 2032 cujus

1207 2057 1287 2086 dixit
1313 2055 1389 2084 tales
1416 2062 1484 2083 esse
1507 2051 1660 2082 confines.
1688 2050 1736 2079 Ab
1765 2057 1827 2078 uuo
1850 2048 1947 2077 latere
1975 2051 2058 2076 tenet
2082 2046 2166 2076 dicta

1206 2109 1352 2143 basilica,
1370 2106 1459 2137 Oddo
1477 2106 1649 2142 Pangonus
1668 2107 1698 2132 et
1716 2101 1849 2131 heredes
1865 2100 2026 2139 quondam
2045 2098 2167 2128 domini

1206 2161 1368 2192 Johannis
1391 2157 1555 2189 Ventrocii
1579 2161 1608 2186 et
1633 2163 1719 2185 nunc
1741 2154 1875 2185 eeclesia
1897 2153 2056 2187 Romana,
2077 2155 2106 2181 et
2127 2150 2167 2180 ab

1209 2216 1272 2245 alio
1296 2216 1468 2244 tenuerunt
1487 2210 1623 2240 Jacobus
1648 2209 1748 2238 Busns
1775 2207 1962 2237 scriniarius
1986 2210 2016 2235 et
2038 2204 2169 2235 Omnia-

1208 2272 1337 2298 sanctus
1362 2265 1447 2294 filins
1471 2263 1548 2293 olim
1571 2262 1680 2292 Jacobi
1707 2259 1889 2298 Meringelli
1916 2264 1946 2289 et
1974 2266 2062 2287 nuuc
2086 2257 2169 2286 dicta

1209 2320 1342 2352 ecclesia
1358 2319 1512 2353 Romana,
1531 2321 1561 2346 et
1581 2315 1619 2345 ab
1641 2314 1703 2344 alio
1727 2317 1811 2343 tenet
1825 2312 1910 2342 idem
1927 2310 2075 2341 Matheus
2091 2318 2169 2339 veu-

1209 2375 1290 2404 ditor
1310 2374 1382 2411 Jure
1405 2371 1488 2400 dicte
1512 2368 1654 2404 basilice,
1674 2363 1703 2397 et
1727 2366 1755 2396 si
1778 2366 1834 2404 qui
1857 2364 1915 2394 alii
1933 2368 2009 2394 sunt
2030 2362 2169 2393 veriores

1209 2426 1370 2462 confines,
1392 2423 1431 2453 ad
1452 2421 1638 2452 habendum
1643 2442 1702 2449 .....
1722 2427 1777 2458 pro
1798 2418 1898 2457 pretio
1916 2416 2116 2456 septuaginta
2131 2414 2170 2444 li-

1209 2481 1341 2511 brarum
1356 2477 1607 2517 provesinorum.
1624 2472 1715 2509 Quod
1732 2471 1870 2510 pretium
1875 2493 1935 2500 .....

1249 2534 1365 2563 Actum
1381 2531 1498 2566 Rome,
1515 2528 1555 2558 ad
1573 2527 1691 2565 gradus
1707 2526 1783 2556 dicti
1803 2524 1949 2560 basilice,
1968 2521 2171 2562 presentibus

1211 2586 1340 2617 domino
1362 2584 1488 2614 Matheo
1506 2583 1544 2612 de
1564 2581 1729 2617 Bovescis,
1746 2578 1878 2608 domino
1895 2577 2028 2607 Oddone
2045 2574 2170 2605 domini

1211 2773 1236 2799 1.
1252 2771 1290 2798 Le
1306 2770 1441 2797 210111101-
1465 2768 1540 2794 1278.
1562 2781 1595 2785 —
1617 2765 1766 2796 Δ1131111100,
1789 2764 1833 2789 fils
1853 2762 1888 2788 de
1910 2761 2093 2795 Barthelemy
2116 2759 2173 2786 Ba-

1175 2829 1255 2855 voso,
1273 2828 1311 2846 un
1326 2819 1378 2845 des
1393 2816 1596 2853 propi-ietaires
1611 2814 1646 2840 de
1662 2814 1743 2840 l'acte
1757 2811 1922 2847 precedent,
1944 2810 2017 2836 vend
2038 2811 2054 2836 51
2073 2809 2173 2835 maitre

1174 2870 1276 2896 Albert
1299 2868 1333 2894 de
1356 2867 1456 2893 Parme
1479 2873 1533 2891 une
1554 2864 1664 2890 maison
1687 2862 1751 2896 deja
1767 2860 1889 2886 1101110110
1908 2867 1980 2893 pour
1996 2857 2128 2892 agi-andir
2147 2857 2173 2882 la

1175 2918 1240 2944 voie
1255 2916 1305 2951 qui
1319 2914 1437 2942 conduit
1451 2922 1506 2939 aux
1523 2913 1611 2948 palais
1627 2912 1734 2943 sacres,
1757 2909 1816 2935 sise
1835 2909 1940 2942 aupres
1955 2907 2006 2932 des
2022 2905 2124 2940 degres
2138 2904 2173 2930 de

1175 2967 1202 2993 la
1217 2965 1357 2999 basilique
1378 2961 1583 2989 Saint-Pierre.
1600 2975 1633 2979 —
1650 2958 1831 2985 Ratification
1852 2964 1901 2991 par
1916 2956 1941 2981 la
1957 2956 2033 2981 mere
2048 2954 2085 2980 du
2102 2960 2174 2979 ven-

1177 3015 1257 3042 deur.
