2465 3582
207 354 245 382 60

249 418 413 448 Octabizini
436 418 473 445 de
499 417 628 451 Brictis,
650 416 778 445 domino
800 416 892 445 Petro
907 415 1031 445 Judicis
1054 414 1206 444 canonico

249 471 331 500 dicte
348 470 489 505 basilice,
507 469 638 499 Oddone
656 469 817 506 Pangoue,
836 474 865 498 et
881 468 1041 507 Stephano
1057 467 1134 497 olim
1152 467 1207 497 do-

249 525 331 553 miui
355 523 488 552 Jordani
516 523 553 551 de
579 523 694 557 Ponte,
721 522 850 551 testibus
877 522 915 551 ad
946 522 1003 551 hec
1034 521 1148 550 vocatis
1178 524 1208 550 et

249 577 379 613 rogatis.

289 631 405 660 Eodem
425 630 492 663 die,
510 638 613 659 coram
632 629 841 667 infrascriptis
859 629 990 658 testibus
1007 632 1036 657 et
1054 637 1104 656 me
1125 627 1207 656 dicto

249 683 528 722 Stesdianojudice
545 686 573 711 et
588 683 766 719 scriniario,
783 682 914 712 domina
928 681 1113 711 Constantia
1130 688 1208 709 uxor

247 737 405 775 quondam
424 735 498 765 dicti
516 735 726 764 Bartholomei
746 735 843 773 patris
864 735 940 764 dicti
958 734 1077 763 Mathei
1094 733 1207 762 vendi-

250 790 323 819 toris
337 793 365 818 et
377 788 505 818 domina
517 788 617 825 Froga
631 797 707 817 uxor
722 787 823 825 ipsius
835 787 965 822 Mathei,
976 787 1140 816 certiorate
1147 807 1206 815 .....

289 843 403 871 Actum
422 841 459 870 ad
482 841 610 870 domum
635 840 709 869 dicti
731 840 847 869 Mathei
869 840 1058 875 venditoris,
1077 847 1206 877 presen-

249 896 331 924 tibus
347 894 472 931 Augelo
488 894 570 923 dicto
587 893 747 929 Pisscella,
762 893 895 923 Oddoue
911 893 1071 930 Pangouis
1087 897 1116 921 et
1128 891 1206 921 Phi-

248 948 389 986 lippucio
405 947 632 987 Capodeserro⁷
659 947 790 975 testibus
807 947 844 975 ad
871 946 929 975 hec
951 945 1129 984 specialiter
1152 953 1206 974 vo-

247 1002 324 1030 catis
340 1004 369 1029 et
390 1000 517 1037 rogatis.

288 1053 352 1091 Ego
368 1052 614 1091 Stepliauus.....

683 1165 730 1195 30.

268 1266 324 1295 In¹
335 1266 464 1295 nomine
474 1265 616 1295 Domini.
630 1266 726 1295 Anno
737 1264 1208 1300 millesimoCC⁰L⁰XXVI111⁰,

249 1324 388 1357 tempore
399 1319 522 1349 domini
534 1319 657 1349 Nicolai
672 1319 755 1348 tertii
766 1328 855 1357 pape,
870 1318 1046 1348 indictione
1060 1317 1206 1356 septima,

248 1372 298 1401 die
321 1372 433 1410 quinto
455 1372 574 1401 mensis
596 1371 693 1409 junii.
722 1372 759 1400 In
786 1371 943 1410 presentia
969 1371 1031 1400 mei
1055 1369 1207 1408 Stephani

244 1425 362 1463 judicis
379 1429 408 1453 et
423 1424 583 1453 scriniarii
599 1424 753 1454 ethorum
768 1424 895 1453 testium
907 1424 945 1453 ad
959 1423 1017 1453 lieo
1029 1422 1209 1461 specialiter

249 1482 430 1507 vocatorum
444 1482 473 1506 et
486 1481 680 1514 rogatorum,
694 1477 844 1507 Nicolans
856 1477 974 1514 Angeli
988 1475 1112 1506 Nicolai
1127 1475 1210 1514 l-lay-

248 1530 335 1559 naldi
361 1534 540 1568 procurator
563 1530 691 1559 domine
713 1530 872 1560 Oddoline
897 1530 1003 1559 uxoris
1026 1528 1127 1558 Blasii
1148 1528 1209 1558 130-

250 1583 317 1613 buli
334 1583 371 1613 de
388 1583 517 1620 regione
533 1583 690 1620 Arenule,
709 1584 746 1613 de
767 1584 858 1622 cujus
878 1582 1094 1621 procuratorio
1116 1581 1209 1620 plene

249 1641 369 1666 constat
384 1645 438 1674 per
454 1635 663 1666 Octavianum
684 1637 742 1666 Dei
755 1636 858 1674 gratia
874 1641 980 1666 sancte
998 1636 1141 1665 Romane
1159 1643 1208 1664 ec-

248 1689 342 1719 clesie
364 1688 567 1718 scriniarium
584 1698 601 1718 a
620 1698 670 1719 me
692 1689 784 1729 plene
801 1690 867 1719 viso
891 1694 920 1719 et
944 1689 1040 1723 lecto,
1061 1697 1209 1727 procura-

750 351 797 379 LE
822 350 964 379 LIBER
988 348 1221 379 CENSUUM
1244 348 1298 376 DE
1324 337 1508 376 L'F'IGLISE
1532 345 1742 375 ROMAINE.

1330 412 1409 441 torio
1427 412 1556 441 nomine
1578 419 1631 449 pro
1650 410 1760 440 eadem
1777 410 1908 440 domina
1928 414 1958 440 et
1975 410 2014 439 ad
2033 410 2092 440 hec
2114 409 2294 448 specialiter

1328 464 1532 498 constitutus,
1552 468 1725 501 spontanea
1737 462 1898 492 voluntate
1913 462 2011 499 dedit,
2022 463 2165 492 vendidit
2177 467 2294 492 etcon-

1328 517 1422 545 cessit
1447 516 1544 545 michi
1569 515 1708 553 predicto
1731 515 1893 554 Stephano
1916 515 2018 552 judici
2045 519 2075 545 et
2104 515 2294 552 scriniario,

1331 574 1492 607 tamquam
1517 569 1641 607 publice
1666 577 1800 606 persone
1826 569 1991 607 recipienti
2017 568 2085 598 vice
2109 572 2138 597 et
2163 568 2294 598 nomine

1329 622 1452 651 domini
1469 631 1557 660 pape,
1573 623 1643 659 ejus
1656 630 1791 656 camere,
1808 621 1953 651 Romane
1968 621 2099 651 ecclesie
2112 624 2141 651 et
2153 629 2208 659 pro
2221 629 2294 651 suc-

1328 675 1508 705 cessoribus
1524 675 1772 713 imperpetuum,
1790 683 1888 704 unam
1905 675 2023 713 petiam
2040 674 2226 710 vinearum,
2246 674 2294 703 vi-

1330 734 1395 758 tum
1415 732 1548 764 tantum,
1566 737 1638 758 cum
1655 728 1821 758 arboribus
1834 728 2008 758 fructiferis
2022 733 2052 758 et
2069 727 2292 764 infructiferis,

1330 782 1400 820 plus
1420 787 1449 812 et
1473 783 1582 811 miuus
1602 787 1721 821 quanta
1740 787 1800 818 est,
1820 782 1955 821 positam
1973 782 2007 811 iu
2025 782 2214 821 proprietate
2231 781 2294 811 Ro-

1330 844 1425 865 mane
1449 836 1581 865 ecclesie
1606 835 1706 873 posita
1729 836 1761 864 in
1783 840 1892 865 monte
1910 835 2010 864 sancti
2030 834 2135 872 Egidii
2156 838 2186 864 et
2208 841 2296 863 nunc

1329 889 1413 918 dicte
1429 889 1560 918 ecclesie
1580 889 1735 924 Romane,
1755 889 1846 927 cujus
1861 888 1942 918 dixit
1957 897 2025 918 esse
2045 887 2121 918 tales
2137 888 2293 918 confines.

1330 943 1379 972 Ab
1402 951 1468 972 uno
1492 942 1590 971 latere
1615 947 1662 972 est
1684 942 1796 971 sodurn
1824 951 1878 971 seu
1906 951 2022 971 vacans
2052 942 2133 971 dicte
2161 940 2296 971 ecclesie

1329 995 1431 1025 sancti
1450 995 1571 1032 Egiuii,
1590 998 1619 1024 et
1643 995 1682 1024 ab
1704 994 1767 1024 alio
1787 994 1954 1031 Nicolaus,
1972 999 2002 1024 et
2025 995 2064 1024 ab
2085 994 2148 1024 alio
2174 998 2220 1023 est
2244 993 2296 1023 via

1331 1048 1470 1087 publica,
1489 1052 1517 1077 et
1539 1048 1564 1077 si
1588 1048 1642 1086 qui
1659 1047 1715 1076 alii
1734 1051 1808 1077 sunt
1825 1048 1965 1077 veriores
1989 1048 2090 1082 finem
2110 1047 2149 1077 ad
2173 1047 2294 1076 haben-

1328 1101 1405 1131 dum
1412 1124 1471 1131 .....
1504 1110 1558 1139 pro
1590 1101 1689 1139 pretio
1723 1101 1819 1130 trium
1849 1100 2003 1130 librarum
2037 1100 2291 1139 provesinorum.

1329 1154 1419 1190 Quod
1439 1154 1576 1192 pretium
1586 1176 1645 1183 .....

1370 1209 1486 1237 Actum
1503 1207 1541 1236 ad
1559 1207 1690 1236 domum
1707 1207 1770 1236 mei
1786 1206 1863 1236 dicti
1876 1206 1994 1245 judicis
2008 1211 2037 1236 et
2051 1206 2293 1242 notarii‚co1·am

1331 1260 1492 1298 Stephano
1506 1259 1628 1289 domini
1643 1259 1948 1298 Benedictijudicis,
1960 1259 2135 1297 Magalocto
2150 1258 2293 1296 magistri

1330 1313 1479 1346 Gerardi,
1497 1314 1591 1343 Petro
1607 1313 1732 1343 domini
1746 1313 1863 1352 judicis
1880 1313 2050 1352 Stephani,
2067 1318 2096 1342 et
2113 1312 2297 1351 presbytero

1332 1367 1500 1396 Francisco
1514 1371 1635 1396 rectore
1652 1366 1783 1396 ecclesie
1799 1367 1900 1396 sancti
1917 1366 2073 1405 Stephani
2090 1366 2124 1395 in
2137 1366 2297 1402 Pisscina‚

1332 1420 1465 1449 testibus
1481 1419 1519 1448 ad
1536 1419 1595 1449 hec
1611 1419 1792 1457 specialiter
1809 1419 1925 1449 vocatis
1941 1424 1971 1449 et
1986 1420 2116 1457 rogatis.

1372 1473 1437 1510 Ego
1454 1472 1637 1511 Stephanus
1643 1496 1702 1502 .....

1769 1586 1817 1617 31.

1373 1685 1411 1714 In
1427 1685 1558 1715 nomine
1573 1685 1704 1715 Domini
1709 1707 1768 1715 .....
1780 1685 1979 1724 (Repetition
1994 1685 2078 1716 dela
2095 1685 2180 1724 piece
2193 1688 2225 1713 11⁰
2236 1683 2296 1721 23).

598 2148 964 2199 Supplements
994 2147 1314 2198 posterieurs
1347 2157 1413 2187 au
1444 2147 1707 2187 treizieme
1740 2146 1907 2188 siecle.

214 2357 249 2388 1ο
275 2352 404 2400 Apres
434 2350 470 2385 Za
500 2350 554 2385 vie
582 2349 627 2384 (le
656 2348 840 2395 Greyoire
866 2347 931 2382 IX
957 2348 997 2391 (f.
1029 2347 1220 2390 285-288).

699 2509 723 2535 1.

285 2615 335 2641 In²
351 2614 464 2640 nomine
480 2613 605 2644 Domini,
622 2620 717 2639 amen.
733 2611 819 2638 Anno
836 2610 869 2637 ab
883 2610 1078 2636 incarnatione
1096 2608 1213 2636 Domini

254 2777 277 2802 1.
295 2776 309 2801 5
322 2775 385 2810 juin
403 2774 480 2801 1279.
491 2788 525 2794 -
539 2773 653 2800 Nicolas
665 2773 780 2807 Angeii,
793 2781 828 2799 au
841 2779 906 2799 nom
919 2770 1096 2803 d’Oddolina‚
1109 2770 1213 2797 femme

216 2825 251 2852 de
272 2824 366 2850 Blaise
383 2823 494 2856 Bobuli,
515 2822 549 2848 de
565 2823 589 2848 la
606 2822 702 2856 region
720 2821 857 2852 Arenula,
874 2819 948 2847 vend
963 2828 999 2846 au
1016 2818 1211 2853 &int-siege,

217 2874 381 2908 represente
397 2880 447 2906 pai·
461 2871 486 2897 le
502 2871 648 2898 scriniaire
665 2870 795 2902 Etienne,
809 2877 863 2896 une
875 2869 954 2904 piece
965 2868 1000 2894 de
1012 2868 1106 2902 vigne,
1120 2868 1213 2902 plants

218 2921 387 2952 seulement,
404 2921 462 2946 sise
478 2928 513 2946 au
531 2923 609 2945 mont
625 2918 822 2945 Saint-Gilles.

252 2970 278 2996 2.
305 2969 467 2999 Plaisance,
492 2968 524 2995 30
546 2967 707 3003 septembre
731 2967 808 2994 1331.
830 2981 862 2986 —-
887 2965 1107 2992 Proces-verbal
1128 2965 1213 2991 d'une

219 3018 337 3044 reunion
353 3017 387 3043 de
403 3017 427 3042 la
447 3024 598 3043 commuue
619 3016 653 3042 de
676 3016 823 3042 Plaisance
842 3017 857 3041 a
877 3014 962 3041 l‘efiet
982 3014 1017 3040 de
1039 3013 1146 3040 choisir
1162 3012 1213 3039 des

1330 2506 1482 2533 millesimo
1510 2505 1699 2533 cccoxxxo
1734 2507 1839 2541 primo,
1872 2505 2028 2534 indictione
2057 2506 2157 2541 quinta
2186 2506 2298 2533 decima

1330 2555 1489 2581 secundum
1515 2563 1633 2582 cursum
1659 2555 1910 2588 Placentinorum,
1936 2555 1981 2582 die
2005 2555 2072 2582 lune
2097 2555 2194 2581 ultimo
2215 2563 2299 2581 men-

1295 2730 1469 2757 procureurs
1485 2723 1534 2757 qui
1549 2730 1581 2749 se
1604 2722 1741 2749 rendi-ont
1761 2722 1867 2749 devant
1884 2722 1909 2748 le
1926 2730 1998 2757 pape
2012 2721 2083 2748 Jean
2103 2721 2191 2749 XXII
2206 2725 2235 2749 et
2249 2730 2299 2749 re-

1295 2771 1476 2798 connato-ont
1489 2772 1697 2798 officiellement
1713 2780 1766 2799 son
1782 2772 1904 2798 autorite
1920 2780 1972 2798 sur
1986 2772 2050 2798 leur
2064 2772 2129 2798 ville
2150 2775 2178 2798 et
2193 2780 2225 2799 sa
2240 2772 2298 2799 cii·-

1295 2820 1501 2854 conscription.
1527 2820 1694 2853 Fontanini,
1722 2821 1787 2848 Dell’
1816 2823 1915 2848 istoria
1938 2822 1980 2848 del
2003 2821 2127 2848 dominio
2152 2822 2297 2855 temporale

1294 2868 1362 2894 delle
1382 2868 1439 2894 sede
1459 2876 1503 2902 ap.
1527 2870 1570 2895 nel
1593 2870 1690 2896 ducato
1712 2870 1742 2896 di
1765 2871 1868 2896 Parma
1888 2877 1900 2896 e
1919 2870 2063 2902 Pz'acenza,
2088 2869 2194 2901 Rome,
2217 2870 2296 2903 1720,

1295 2925 1323 2951 p.
1340 2916 1402 2949 291,
1419 2926 1434 2943 a
1451 2917 1545 2952 publie
1561 2922 1635 2945 cette
1648 2919 1728 2953 piece
1743 2927 1775 2945 ea:
1791 2919 1930 2944 tabulario
1950 2919 2029 2944 molis
2049 2918 2208 2945 Hadrianae
2229 2918 2298 2951 (Ar-

1294 2965 1394 2991 chives
1410 2965 1446 2991 du
1465 2966 1585 2993 chateau
1601 2967 1808 3001 Saint—Ange),
1824 2967 1937 3002 d'apres
1954 2975 1991 2993 un
2007 2966 2180 3001 exemplaire
2195 2967 2244 3001 qui
2261 2975 2296 2994 ne

1294 3012 1413 3039 dei-ivait
1430 3022 1480 3048 pas
1496 3014 1530 3040 de
1547 3019 1628 3054 notre
1645 3016 1813 3042 manuscrit.
