2465 3582
219 353 257 382 44
764 348 811 376 LE
838 347 979 376 mese
1001 344 1231 376 CENSUUM
1256 344 1310 373 DE
1334 335 1519 374 istriensi:
1542 343 1752 373 nomme.

262 419 438 449 cessoribus
461 417 692 454 imperpetuum
720 415 803 443 litem
834 413 882 442 vel
903 413 1153 443 controversiam
1177 412 1215 441 de

262 471 412 510 predictis
432 470 524 499 rebus
543 468 680 497 venditis
702 469 732 496 in
757 472 855 497 totum
880 467 928 496 vel
952 467 984 495 in
1008 472 1126 504 partem
1151 465 1215 495 ullo

263 531 400 562 tempore
419 532 478 552 non
505 522 622 551 inferre
647 530 702 550 nec
724 521 874 549 inferenti
899 520 1096 554 consentire;
1119 524 1165 548 set
1181 527 1216 547 ea

261 578 369 608 omnia
385 582 444 606 tani
462 577 491 604 in
511 575 697 613 proprietate
709 583 803 612 qnam
817 574 848 602 in
864 574 1058 612 possessione
1072 573 1111 601 ab
1127 571 1216 601 omni

260 632 391 661 homine
406 635 435 658 et
447 628 652 657 universitate
669 627 813 664 legitime
829 627 1010 661 defendere,
1023 625 1217 655 auctorizare

262 690 292 714 et
307 683 495 719 disbrigare.
518 681 553 710 Iit
574 680 743 719 predictam
767 680 1001 709 vendictionem
1021 683 1049 708 et
1064 679 1172 708 onmia
1188 683 1218 707 et

261 736 388 774 singula
403 744 464 774 qne
479 735 511 763 in
534 734 593 763 ltoc
616 734 830 762 instrumento
851 733 1054 762 continentur
1070 735 1218 769 perpetuo

261 795 327 819 rata
343 795 373 819 et
385 790 475 818 firma
491 788 618 821 habere,
632 787 811 821 observare,
826 785 1001 823 adimplere
1018 791 1047 814 et
1064 793 1125 814 non
1143 792 1218 814 con-

263 843 412 871 trafacere
434 840 481 870 vel
500 840 624 875 venire,
645 848 698 877 per
716 848 749 868 se
766 838 813 868 rel
827 838 918 868 alios.
936 838 1043 876 aliqua
1059 847 1153 866 causa
1169 836 1219 866 vel

262 895 408 933 ingenio,
426 894 463 923 de
476 895 546 931 jure
564 892 611 922 vel
630 892 667 922 tle
686 892 778 921 sacto.
803 892 879 921 Etsi
899 893 976 920 torte
993 890 1131 929 predicta
1148 889 1218 928 plns

261 949 342 978 dicto
361 948 459 985 pretio
477 946 597 978 valent,
622 945 650 974 id
674 945 744 982 plus
763 944 964 973 donaverunt
981 943 1064 972 inter
1083 943 1169 972 vivos
1190 946 1219 971 et

262 1002 454 1031 remiserunt
471 999 602 1028 domino
629 1007 705 1037 pape
728 1006 782 1036 pro
806 998 984 1027 reverentia
1001 1001 1030 1026 et
1050 996 1219 1026 devotione

261 1063 358 1093 quam
383 1057 499 1090 gerunt-
514 1052 553 1080 ad
577 1060 661 1080 eum.
681 1051 909 1080 Promittentes
932 1058 1057 1088 qnoque
1079 1049 1161 1087 quod
1180 1049 1218 1078 de

261 1107 412 1146 predictis
431 1105 478 1135 vel
495 1105 603 1143 aliqua
619 1108 705 1142 parte
722 1103 802 1133 nulli
821 1103 876 1132 alii
896 1106 1024 1142 apparet
1041 1106 1219 1132 contractus

262 1160 310 1190 vel
327 1160 436 1199 quasi,
460 1168 516 1188 nec
539 1158 571 1187 in
591 1158 636 1187 eis
656 1157 806 1195 competit
823 1157 875 1194 jus
895 1156 986 1185 alteri
1007 1155 1217 1193 cuicumque3

263 1214 346 1252 quod
364 1213 391 1242 si
411 1221 502 1242 secus
520 1215 685 1250 appareret
706 1215 736 1240 et
757 1219 792 1239 ea
814 1210 978 1239 occasione
996 1209 1045 1237 vel
1062 1209 1124 1238 alia
1140 1217 1219 1247 qua-

262 1274 400 1305 cumque
411 1265 453 1294 lix
469 1264 518 1294 vel
532 1263 677 1294 molestia
692 1263 847 1292 inferatur
862 1263 894 1292 in
910 1262 1056 1301 predictis
1072 1261 1121 1291 vel
1137 1262 1219 1291 circa

262 1328 298 1350 ea
322 1328 377 1349 sen
398 1318 512 1348 evictio
534 1317 642 1354 aliqua
664 1316 821 1350 eveniret,
844 1315 1011 1345 restituere
1030 1314 1168 1352 dampna
1190 1319 1220 1343 et

261 1381 414 1411 expensas
425 1375 455 1401 et
467 1370 600 1408 duplum
615 1369 707 1407 pretii
721 1368 897 1406 persolvere
910 1368 1042 1397 nomine
1053 1368 1217 1396 iuteresse

262 1426 311 1456 Ad
323 1426 381 1455 hec
391 1424 500 1454 omnia
513 1422 691 1462 supradicta
706 1422 870 1451 Romanus
883 1421 1042 1450 Johannis
1056 1421 1219 1450 Venti-ocii

261 1480 299 1509 de
321 1479 451 1516 regione
470 1476 764 1509 Scor-teclariorum‚
783 1480 891 1512 rogatu
909 1479 938 1503 et
955 1474 1101 1513 precibus
1116 1474 1218 1504 dicto-

262 1541 332 1562 rum
348 1530 549 1561 venditorum
567 1533 597 1558 et
611 1529 764 1566 cujusque
778 1528 931 1565 ipsorum,
947 1528 1092 1566 fidejuxit
1105 1532 1135 1556 et
1148 1535 1219 1565 pro-

264 1585 352 1614 misit
372 1584 455 1613 dicto
479 1583 610 1612 domino
630 1581 802 1610 camerario
825 1580 990 1618 recipienti
1016 1581 1082 1610 vice
1108 1585 1138 1609 et
1162 1589 1218 1610 no—

263 1640 352 1669 mine
373 1637 456 1667 dicte
477 1645 601 1665 camere
621 1635 742 1664 domini
766 1644 843 1672 pape
866 1638 897 1664 et
921 1643 974 1672 pro
996 1634 1064 1673 ipso
1089 1634 1220 1664 domino

263 1700 341 1731 papa
360 1696 390 1721 et
411 1698 520 1719 eorum
540 1688 776 1718 successoribus
793 1689 836 1716 sic
851 1697 884 1717 se
908 1688 1064 1717 facturum
1083 1692 1111 1717 et
1126 1696 1219 1717 cura-

263 1751 369 1775 turum
385 1743 469 1782 quod
486 1741 618 1781 predicti
635 1741 815 1770 venditores
832 1745 862 1769 et
875 1740 1009 1778 quilibet
1024 1749 1132 1770 eorum
1151 1750 1219 1778 pre-

263 1798 378 1828 dictam
398 1795 614 1825 venditionem
636 1799 666 1823 et
686 1795 795 1824 omnia
811 1799 840 1822 et
856 1793 984 1831 singula
1003 1802 1065 1830 que
1084 1793 1118 1823 in
1137 1793 1220 1823 dicto

264 1852 477 1880 instrumento
515 1847 710 1876 venditionis
739 1847 944 1876 continentur
970 1850 1036 1875 rata
1065 1851 1095 1876 et
1128 1847 1221 1876 firma

264 1903 443 1936 habebunt,
479 1900 719 1938 adimplebunt,
752 1899 923 1929 defendent
953 1904 982 1928 et
1017 1904 1124 1929 contra
1155 1908 1221 1929 non

265 1957 395 1986 venient
416 1954 522 1992 aliqua
546 1953 679 1982 ratione.
706 1953 742 1981 Et
768 1961 821 1991 pro
846 1953 995 1990 predictis
1015 1953 1165 1981 omnibus
1193 1957 1221 1982 et

265 2008 403 2047 singulis
424 2007 509 2037 idem
535 2006 699 2035 Romanus
719 2005 886 2044 fidejussor
906 2005 1006 2035 voluit
1030 2006 1113 2044 qnod
1141 2007 1222 2036 bona

265 2072 321 2092 sua
337 2061 457 2096 omnia,
475 2059 606 2090 mobilia
623 2064 652 2088 et
669 2058 862 2095 immobilia,
881 2059 1040 2097 presentia
1056 2063 1084 2089 et
1102 2060 1220 2097 sutura,

266 2119 371 2145 essent
396 2114 463 2153 pari
487 2114 561 2152 Jure
588 2112 726 2150 obligata
756 2112 838 2142 dicto
866 2112 997 2142 domino
1028 2121 1122 2151 pape,
1154 2114 1222 2152 ejus

266 2177 391 2199 camere
409 2171 438 2196 et
454 2167 598 2196 Romane
615 2165 745 2194 ecclesie
761 2170 794 2194 ut
814 2165 895 2194 bona
911 2165 1125 2204 predictorum
1145 2176 1221 2197 ven-

265 2222 405 2251 ditorum
429 2220 524 2259 patris
545 2224 574 2248 et
593 2218 745 2248 filiorum.
772 2218 807 2247 Et
831 2218 864 2247 in
888 2227 1016 2248 omnem
1040 2228 1169 2249 causam
1194 2224 1223 2250 et

269 2273 455 2313 simpliciter
475 2272 604 2301 nomine
624 2271 770 2301 omnium
793 2271 1003 2309 predictorum
1027 2274 1223 2304 renuncians

267 2328 370 2357 dictus
385 2326 540 2364 fidejuxor
557 2325 588 2354 in
607 2324 755 2362 predictis
768 2325 916 2354 omnibus
932 2330 962 2354 et
981 2326 1117 2363 singulis
1133 2328 1223 2356 omni

265 2379 476 2418 auxiliOJ‘uris
489 2377 614 2412 etiami,
631 2381 693 2406 tam
710 2377 855 2407 canonici
869 2387 964 2416 quam
981 2378 1096 2414 civilis,
1115 2383 1144 2409 et
1157 2390 1223 2419 spe-

267 2433 390 2464 cialiter
405 2440 485 2462 nove
500 2430 735 2460 constitutionis
749 2430 904 2460 beneficio
921 2441 926 2460 :
945 2431 977 2460 id
996 2437 1042 2461 est
1057 2433 1142 2471 qnod
1159 2443 1223 2464 non

267 2489 402 2525 opponet
423 2484 527 2523 primo
547 2483 804 2513 conveniendum
829 2484 1022 2523 principales
1038 2491 1068 2515 et
1092 2487 1223 2525 exigen-

269 2540 346 2569 dum
374 2546 469 2577 quam
497 2537 704 2575 fidejuxorem
732 2536 896 2575 predictos.
925 2537 987 2567 Pro
1014 2539 1130 2577 quibus
1154 2549 1222 2570 om-

270 2592 363 2621 nibus
386 2595 415 2620 et
437 2590 576 2627 singulis
599 2589 786 2628 supradictis
804 2590 1012 2620 observandis
1030 2596 1060 2620 et
1081 2592 1223 2630 plenarie

269 2643 481 2682 adimplendis
495 2647 556 2672 tam
574 2642 705 2680 predicti
724 2642 915 2681 principales
932 2644 1111 2674 venditores
1127 2655 1223 2684 quam

269 2698 428 2737 predictus
450 2696 605 2734 fidejuxor
625 2703 733 2725 eorum
756 2696 1028 2734 ypothecaverunt
1046 2702 1075 2727 et
1098 2699 1223 2736 pignori

270 2754 446 2789 posuerunt
479 2748 582 2777 eidem
613 2747 742 2777 domino
769 2749 943 2778 camerario
972 2750 1137 2788 recipienti
1170 2761 1224 2790 pro

270 2802 400 2832 domino
429 2810 506 2840 papa
535 2805 565 2829 et
593 2801 661 2838 ejus
691 2810 815 2830 camera
844 2802 953 2831 onmia
983 2803 1065 2832 bona
1095 2812 1222 2843 eorum,

270 2854 400 2885 mobilia
418 2858 447 2883 et
462 2853 658 2887 immobilia,
681 2855 838 2891 presentia
855 2858 884 2883 et
901 2855 1016 2884 futura.
1035 2856 1102 2891 Qne
1118 2859 1225 2887 omnia

271 2913 300 2938 et
316 2906 441 2944 singula
457 2905 635 2944 supradicta
647 2905 816 2935 voluerunt
832 2908 984 2944 prenotati
1003 2909 1181 2939 venditores
1198 2915 1226 2940 et

271 2961 372 2990 dictus
392 2959 547 2997 fidejuxor
566 2967 672 2988 eornm
692 2959 774 2997 qnod
794 2968 848 2997 pro
867 2960 1014 2997 predictis
1036 2963 1225 3001 contingen-

273 3014 357 3043 tibus
376 3015 528 3042 eteorum
545 3012 707 3041 occasione
721 3011 813 3041 liceat
828 3012 888 3051 ipsi
907 3013 1036 3043 domino
1052 3017 1226 3047 camerario

1337 420 1392 449 pro
1408 410 1476 448 ipso
1494 410 1623 440 domino
1645 419 1723 448 papa
1745 415 1775 439 et
1797 410 1866 448 ejus
1886 419 2013 440 camera
2035 413 2065 440 et
2084 409 2144 449 ipsi
2167 409 2298 440 domino

1338 472 1416 501 pape
1433 468 1463 492 et
1478 463 1547 501 ejus
1567 472 1690 492 camere
1712 463 1836 501 propria
1852 471 1963 492 eorum
1979 463 2164 492 anctoritate
2182 466 2211 492 et
2229 463 2299 492 sine

1338 516 1585 554 proclamatione
1608 521 1636 545 et
1659 516 1874 546 snbastatione
1895 515 2032 554 alicujus
2053 515 2142 545 curie
2164 515 2298 552 intrare,

1339 574 1457 605 tenere,
1480 569 1650 608 possidere,
1671 569 1820 604 vendere,
1837 569 1969 605 donare,
1985 568 2126 598 alienare
2142 573 2172 597 et
2194 568 2232 598 de
2252 567 2299 598 eis

1338 624 1441 653 lacere
1459 623 1614 662 quicquid
1631 622 1713 652 dicto
1730 622 1860 652 domino
1875 631 1953 660 pape
1972 627 2001 651 et
2019 622 2088 660 ejus
2109 630 2233 651 camere
2249 620 2299 650 vi-

1338 677 1464 706 debitur
1493 676 1660 714 expedire.
1691 684 1856 714 quousque
1885 675 1923 705 de
1949 675 2112 713 dampnis,
2138 674 2297 713 expensis,

1338 731 1493 760 interesse
1514 734 1544 759 et
1565 729 1779 759 evictionibus
1803 729 1906 758 eidem
1930 728 2060 759 domino
2083 737 2160 767 pape
2181 732 2212 757 et
2228 729 2299 766 eJus

1339 792 1464 813 camere
1486 783 1524 812 ad
1550 782 1680 822 plenum
1707 782 1845 812 extiterit
1869 782 2079 812 satisfactum.
2111 782 2154 811 De
2180 781 2299 819 quibus

1339 836 1498 875 dampnis,
1516 835 1675 874 expensis,
1694 835 1860 868 interesse,
1879 835 2090 864 evictionibus
2104 839 2133 864 et
2147 833 2300 864 omnibus

1340 889 1529 928 supradictis
1558 893 1620 917 tam
1650 888 1782 926 predicti
1805 888 1989 917 venditores
2020 896 2116 926 quam
2146 887 2302 925 fidejnxox'

1340 951 1449 972 eornm
1467 946 1548 972 stare
1572 941 1743 972 voluerunt
1762 945 1792 971 et
1811 941 2028 980 promiserunt
2043 940 2179 979 simplici
2205 940 2302 970 verbo

1340 996 1415 1026 dicti
1440 995 1563 1026 domini
1589 995 1757 1024 camerarii
1784 999 1814 1024 et
1839 1002 2057 1024 successorum
2086 994 2202 1031 ipsius,
2229 992 2301 1022 sine

1339 1049 1446 1087 aliquo
1467 1049 1587 1078 honere
1610 1048 1786 1086 juramenti
1814 1051 1843 1077 et
1867 1047 2024 1077 taxatione
2047 1046 2166 1085 judicis
2190 1054 2299 1084 prece-

1341 1103 1446 1132 dente.
1465 1102 1533 1138 Qne
1551 1101 1660 1131 omnia
1681 1105 1711 1131 et
1730 1100 1858 1138 singula
1875 1100 1953 1129 dicti
1971 1100 2152 1129 venditores
2172 1105 2202 1128 et
2222 1099 2302 1129 fide-

1337 1156 1433 1194 juxor
1457 1154 1614 1194 predictus
1636 1163 1690 1192 pro
1715 1162 1782 1182 sese
1800 1153 1877 1191 ipsis
1900 1157 1929 1182 et
1950 1161 2059 1182 eorum
2081 1152 2253 1182 heredibus
2272 1155 2303 1181 et

1341 1210 1575 1240 successoribus
1600 1209 1834 1247 imperpetuum
1866 1209 2117 1247 repromiserunt
2143 1207 2303 1246 sepedicto

1340 1263 1473 1293 domino
1502 1263 1678 1291 camerario
1706 1262 1774 1291 vice
1803 1265 1833 1290 et
1862 1261 1993 1291 nomine
2017 1261 2141 1291 domini
2173 1270 2249 1300 pape
2273 1264 2304 1290 et

1340 1317 1408 1354 ejus
1427 1324 1550 1345 camere
1567 1324 1622 1353 pro
1642 1315 1787 1344 Romana
1806 1314 1938 1344 ecclesia
1958 1318 1987 1343 et
2001 1315 2236 1353 imperpetuum
2252 1317 2302 1343 at-

1342 1369 1486 1405 tendere,
1512 1368 1700 1403 defendere,
1723 1367 1898 1406 adimplere
1919 1372 1948 1397 et
1969 1372 2078 1397 contra
2095 1376 2158 1397 non
2176 1367 2301 1400 venire,

1341 1423 1399 1452 sub
1422 1431 1503 1461 pena
1528 1421 1604 1451 dicti
1630 1422 1722 1459 pretii
1741 1421 1848 1459 dupli,
1871 1430 1934 1459 qua
1957 1421 2058 1451 soluta
2074 1420 2124 1450 vel
2141 1429 2222 1457 non,
2244 1420 2303 1450 hec

1340 1475 1448 1505 omnia
1464 1475 1557 1504 firma
1572 1478 1792 1513 permaneant.

1381 1530 1497 1558 Actum
1515 1528 1615 1557 Rome
1627 1527 1661 1556 in
1677 1526 1743 1556 sala
1756 1527 1867 1565 palatii
1880 1527 1964 1556 dicte
1975 1535 2100 1556 camere
2116 1536 2170 1556 seu
2186 1527 2218 1556 in
2233 1527 2304 1565 ipsa

1341 1591 1478 1618 camera,
1494 1581 1694 1620 presentibus
1707 1580 1838 1610 domino
1852 1580 1990 1610 Bet-ardo
2003 1581 2104 1619 priore
2121 1579 2302 1618 Fulignato‚

1341 1635 1472 1665 domino
1489 1634 1652 1664 Leonardo
1672 1633 1854 1672 primicerio
1869 1633 1907 1662 de
1926 1633 2070 1663 Venetiis
2085 1633 2209 1663 domini
2227 1641 2304 1672 pape

1341 1688 1523 1727 capellano,
1557 1688 1687 1717 domiuo
1721 1686 1853 1716 Nicolao
1887 1692 2006 1716 rectore
2037 1685 2170 1715 ecclesie
2203 1685 2305 1715 sancti

1343 1741 1447 1779 Egidii
1464 1746 1550 1771 extra
1568 1744 1687 1778 portam
1707 1739 1915 1774 Viridariam,
1932 1739 2122 1769 Francketto
2142 1747 2304 1777 campsore

1341 1795 1380 1824 de
1397 1794 1570 1830 Florentia,
1587 1794 1679 1823 Petro
1697 1793 1798 1829 Buxa,
1816 1793 1953 1830 dompno
1967 1794 2105 1830 Accapto
2118 1791 2304 1830 cappellano

1342 1847 1418 1877 dicti
1446 1847 1570 1876 domini
1598 1846 1783 1881 camerarii,
1811 1845 1942 1874 testibus
1967 1845 2006 1874 ad
2036 1844 2096 1874 hoc
2125 1844 2304 1883 specialiter

1342 1900 1470 1938 rogatis.

1383 1953 1499 1983 Eodem
1517 1961 1617 1989 anno,
1634 1952 1810 1981 indictione
1826 1955 1856 1981 et
1869 1960 1994 1987 mense,
2011 1951 2062 1980 die
2078 1950 2202 1980 XXVI⁰
2219 1950 2305 1988 ejus-

1343 2007 1427 2041 dem,
1445 2015 1551 2036 coram
1567 2014 1619 2035 me
1635 2005 1804 2035 scriniario
1815 2009 1845 2034 et
1862 2004 1925 2033 hiis
1941 2004 2074 2034 testibus
2091 2002 2306 2041 infrascriptis

1342 2060 1381 2089 ad
1398 2060 1457 2090 hoc
1475 2059 1653 2098 specialiter
1671 2058 1789 2088 vocatis
1807 2061 1836 2087 et
1851 2057 1967 2095 rogatis
1979 2081 1986 2094 ,
2002 2057 2132 2087 domina
2145 2055 2306 2087 Oddolina

1344 2123 1423 2144 uxor
1450 2113 1525 2142 dicti
1552 2112 1637 2142 Petri
1661 2116 1691 2141 et.
1718 2110 1851 2140 Mabilia
1881 2119 1961 2141 uxor
1985 2110 2062 2140 dicti
2089 2109 2305 2140 Bartholomei

1344 2167 1565 2203 venditorum,
1587 2165 1754 2195 certiorate
1773 2174 1827 2203 per
1843 2173 1894 2194 me
1912 2165 2017 2202 ipsum
2040 2163 2247 2193 scriniarium
2266 2163 2306 2194 de

1344 2220 1494 2250 omnibus
1512 2219 1703 2258 supradictis
1722 2223 1752 2247 et
1764 2218 1803 2247 de
1818 2217 1969 2247 omnibus
1983 2226 2093 2246 earum
2107 2217 2234 2255 juribus
2245 2240 2252 2254 ,
2269 2225 2306 2246 ex

1344 2279 1429 2304 certa
1453 2273 1587 2303 scientia
1613 2271 1871 2310 con[sen]serunt
1893 2270 1932 2300 ad
1956 2270 2065 2300 onmia
2092 2270 2306 2308 suprascripta

1345 2327 1445 2356 michi
1457 2325 1628 2356 scriniario
1642 2324 1811 2363 recipienti
1825 2324 1893 2354 vice
1907 2328 1936 2353 et
1949 2324 2080 2353 nomine
2091 2323 2216 2353 domini
2230 2331 2306 2362 pape

1345 2384 1375 2410 et
1398 2381 1468 2419 ejus
1490 2388 1616 2410 camere
1643 2383 1807 2417 tamquam
1834 2377 1959 2416 publice
1981 2385 2116 2415 persone
2139 2376 2305 2415 recipienti

1344 2442 1400 2472 pro
1417 2433 1462 2463 eis
1475 2438 1505 2463 et
1518 2433 1557 2462 ad
1570 2440 1679 2462 eorum
1692 2440 1771 2470 opus
1786 2435 1816 2460 et
1832 2430 2014 2460 utilitatem.
2028 2429 2264 2459 Renuntiantes
2275 2432 2306 2459 et

1344 2491 1434 2525 pacto
1448 2486 1650 2515 remictentes
1666 2484 1699 2514 in
1718 2484 1812 2514 rebus
1826 2483 1962 2513 ethonis
1974 2482 2125 2512 omnihus
2141 2482 2305 2521 supradic-

1347 2540 1384 2569 tis
1399 2543 1556 2578 qnantum
1572 2538 1611 2568 ad
1630 2537 1783 2576 prefatam
1797 2536 2033 2566 vendictionem
2049 2535 2178 2572 actinet,
2196 2535 2307 2565 omnia

1345 2600 1453 2622 earum
1472 2590 1684 2621 etcuiuslibet
1701 2590 1844 2628 ipsarum
1857 2589 1930 2627 jura
1946 2588 2155 2627 competentia
2171 2592 2201 2618 et
2218 2596 2307 2618 com-

1345 2645 1442 2683 petitu
1450 2645 1738 2683 raimperpetnum,
1750 2646 1813 2672 tam
1826 2641 2067 2681 ypothecarum‚
2078 2641 2170 2678 dotis⁷
2183 2641 2306 2671 dotium

1346 2703 1376 2728 et
1397 2698 1607 2727 donationum
1628 2701 1753 2735 propter
1776 2695 1921 2734 nuptias,
1944 2694 2188 2730 alimentorum,
2212 2702 2306 2733 para·

1345 2751 1511 2781 seruorum
1530 2753 1558 2780 et
1578 2749 1881 2779 investimentorum
1893 2771 1900 2784 ,
1917 2755 2014 2786 quam
2030 2746 2126 2777 etiam
2145 2746 2235 2776 omni
2249 2746 2306 2777 alii

1343 2804 1421 2842 juri,
1438 2792 1527 2832 nulla
1541 2803 1586 2832 eis
1600 2802 1813 2832 reservatione
1826 2801 1923 2837 iacta3
1941 2800 2016 2838 quia
2033 2803 2264 2837 recognoscunt
2275 2803 2306 2829 et

1346 2860 1600 2894 recognoverunt
1614 2855 1738 2894 ydonee
1754 2854 1935 2884 consultum
1955 2857 1985 2882 et
1999 2857 2128 2883 cautum
2145 2861 2213 2882 esse
2228 2852 2307 2891 ipsis

1347 2914 1377 2939 et
1398 2918 1506 2939 earum
1528 2909 1660 2938 cuilibet
1682 2909 1715 2937 in
1737 2907 1851 2937 ceteris
1874 2905 1968 2936 bonis
1987 2905 2144 2936 dictorum
2161 2905 2306 2935 virorum

1347 2971 1488 2992 suorum.
1510 2962 1546 2990 Et
1564 2961 1639 3000 quia
1655 2960 1701 2990 sic
1717 2959 1763 2989 eis
1779 2959 1859 2988 bene
1874 2957 2080 2997 complacuit,
2097 2958 2137 2987 ob
2158 2966 2306 2987 reveren-

1350 3017 1424 3044 tiam
1451 3020 1482 3044 et
1511 3014 1711 3044 devotionem
1738 3020 1835 3051 quam
1861 3011 1978 3041 habent
2006 3011 2045 3040 ad
2073 3015 2213 3040 sanctam
2239 3010 2305 3041 Ro-
