<?xml version="1.0" encoding="UTF-8"?>
<!DOCTYPE html PUBLIC "-//W3C//DTD XHTML 1.0 Transitional//EN"
    "http://www.w3.org/TR/xhtml1/DTD/xhtml1-transitional.dtd">
<html xmlns="http://www.w3.org/1999/xhtml" xml:lang="en" lang="en">
 <head>
  <title>
</title>
<meta http-equiv="Content-Type" content="text/html;charset=utf-8" />
  <meta name='ocr-system' content='tesseract 3.04.00' />
  <meta name='ocr-capabilities' content='ocr_page ocr_carea ocr_par ocr_line ocrx_word'/>
</head>
<body>
  <div class='ocr_page' id='page_1' title='image "./lelibercensuumde05fabruoft_0016.png"; bbox 0 0 2402 3592; ppageno 0'>
   <div class='ocr_carea' id='block_1_1' title="bbox 173 332 1693 378">
    <p class='ocr_par' dir='ltr' id='par_1_1' title="bbox 173 332 1693 378">
     <span class='ocr_line' id='line_1_1' title="bbox 173 332 1693 378; baseline -0.005 0"><span class='ocrx_word' id='word_1_1' title='bbox 173 350 206 378; x_wconf 79' lang='lat'>10</span> <span class='ocrx_word' id='word_1_2' title='bbox 708 345 755 373; x_wconf 88' lang='lat' dir='ltr'>LE</span> <span class='ocrx_word' id='word_1_3' title='bbox 780 344 922 375; x_wconf 87' lang='lat' dir='ltr'>LIBER</span> <span class='ocrx_word' id='word_1_4' title='bbox 945 341 1176 373; x_wconf 84' lang='lat' dir='ltr'>CENSUUM</span> <span class='ocrx_word' id='word_1_5' title='bbox 1199 342 1253 371; x_wconf 84' lang='lat' dir='ltr'>DE</span> <span class='ocrx_word' id='word_1_6' title='bbox 1278 332 1462 371; x_wconf 69' lang='lat' dir='ltr'>L&#39;EGLISE</span> <span class='ocrx_word' id='word_1_7' title='bbox 1485 341 1693 371; x_wconf 78' lang='lat' dir='ltr'><strong>ROMAINE.</strong></span> 
     </span>
    </p>
   </div>
   <div class='ocr_carea' id='block_1_2' title="bbox 654 759 1752 810">
    <p class='ocr_par' dir='ltr' id='par_1_2' title="bbox 654 759 1752 810">
     <span class='ocr_line' id='line_1_2' title="bbox 654 759 1752 810; baseline -0.001 -9"><span class='ocrx_word' id='word_1_8' title='bbox 654 761 927 801; x_wconf 76' lang='lat' dir='ltr'>Additions</span> <span class='ocrx_word' id='word_1_9' title='bbox 958 760 1305 809; x_wconf 82' lang='lat' dir='ltr'>posterieures</span> <span class='ocrx_word' id='word_1_10' title='bbox 1330 760 1573 810; x_wconf 86' lang='lat' dir='ltr'>jusqu’en</span> <span class='ocrx_word' id='word_1_11' title='bbox 1610 759 1752 800; x_wconf 85' lang='lat'>1279.</span> 
     </span>
    </p>
   </div>
   <div class='ocr_carea' id='block_1_3' title="bbox 171 944 1546 1140">
    <p class='ocr_par' dir='ltr' id='par_1_3' title="bbox 171 944 1546 1140">
     <span class='ocr_line' id='line_1_3' title="bbox 172 944 1428 996; baseline -0.004 -12"><span class='ocrx_word' id='word_1_12' title='bbox 172 954 206 985; x_wconf 71' lang='grc' dir='ltr'>1ο</span> <span class='ocrx_word' id='word_1_13' title='bbox 232 949 448 996; x_wconf 69' lang='lat' dir='ltr'>Cleroniqzte</span> <span class='ocrx_word' id='word_1_14' title='bbox 467 948 532 983; x_wconf 76' lang='lat' dir='ltr'>cles</span> <span class='ocrx_word' id='word_1_15' title='bbox 547 959 670 994; x_wconf 74' lang='lat' dir='ltr'>pctpes</span> <span class='ocrx_word' id='word_1_16' title='bbox 692 948 835 991; x_wconf 78' lang='lat' dir='ltr'>(cahier</span> <span class='ocrx_word' id='word_1_17' title='bbox 857 947 1039 981; x_wconf 79' lang='lat' dir='ltr'>intercale</span> <span class='ocrx_word' id='word_1_18' title='bbox 1059 947 1124 980; x_wconf 92' lang='lat' dir='ltr'>VII</span> <span class='ocrx_word' id='word_1_19' title='bbox 1146 944 1234 989; x_wconf 77' lang='lat' dir='ltr'>bis),</span> <span class='ocrx_word' id='word_1_20' title='bbox 1261 950 1299 980; x_wconf 88' lang='lat' dir='ltr'>n⁰</span> <span class='ocrx_word' id='word_1_21' title='bbox 1318 946 1428 980; x_wconf 88' lang='lat' dir='ltr'>LXII.</span> 
     </span>
     <span class='ocr_line' id='line_1_4' title="bbox 172 1019 1354 1065; baseline -0.005 -5"><span class='ocrx_word' id='word_1_22' title='bbox 172 1028 205 1060; x_wconf 77' lang='lat'>2⁰</span> <span class='ocrx_word' id='word_1_23' title='bbox 232 1023 346 1059; x_wconf 77' lang='lat' dir='ltr'>Table</span> <span class='ocrx_word' id='word_1_24' title='bbox 366 1023 415 1057; x_wconf 76' lang='lat' dir='ltr'>clu</span> <span class='ocrx_word' id='word_1_25' title='bbox 445 1023 653 1058; x_wconf 71' lang='lat' dir='ltr'><em>Vaticanus</em></span> <span class='ocrx_word' id='word_1_26' title='bbox 675 1020 806 1056; x_wconf 72' lang='lat'><em>&amp;486¹</em></span> <span class='ocrx_word' id='word_1_27' title='bbox 830 1022 973 1065; x_wconf 83' lang='lat' dir='ltr'>(cahier</span> <span class='ocrx_word' id='word_1_28' title='bbox 995 1022 1177 1056; x_wconf 81' lang='lat' dir='ltr'>intercale</span> <span class='ocrx_word' id='word_1_29' title='bbox 1197 1021 1249 1055; x_wconf 90' lang='lat' dir='ltr'>XI</span> <span class='ocrx_word' id='word_1_30' title='bbox 1270 1019 1354 1064; x_wconf 68' lang='lat' dir='ltr'>his).</span> 
     </span>
     <span class='ocr_line' id='line_1_5' title="bbox 171 1095 1546 1140; baseline -0.004 -5"><span class='ocrx_word' id='word_1_31' title='bbox 171 1102 207 1135; x_wconf 78' lang='grc' dir='ltr'>3ο</span> <span class='ocrx_word' id='word_1_32' title='bbox 227 1099 361 1134; x_wconf 60' lang='lat' dir='ltr'>Psecas</span> <span class='ocrx_word' id='word_1_33' title='bbox 382 1099 604 1134; x_wconf 70' lang='lat' dir='ltr'>transcrites</span> <span class='ocrx_word' id='word_1_34' title='bbox 625 1109 692 1132; x_wconf 76' lang='lat' dir='ltr'>sur</span> <span class='ocrx_word' id='word_1_35' title='bbox 712 1097 749 1131; x_wconf 79' lang='lat' dir='ltr'>la</span> <span class='ocrx_word' id='word_1_36' title='bbox 768 1096 819 1140; x_wconf 73' lang='lat' dir='ltr'>fin</span> <span class='ocrx_word' id='word_1_37' title='bbox 842 1096 891 1131; x_wconf 75' lang='lat' dir='ltr'>(lu</span> <span class='ocrx_word' id='word_1_38' title='bbox 913 1095 1092 1130; x_wconf 62' lang='grc' dir='ltr'>ΧΧῙῘΙΙΘ</span> <span class='ocrx_word' id='word_1_39' title='bbox 1114 1095 1246 1130; x_wconf 71' lang='lat' dir='ltr'>cahier</span> <span class='ocrx_word' id='word_1_40' title='bbox 1268 1097 1308 1140; x_wconf 85' lang='lat' dir='ltr'>(f.</span> <span class='ocrx_word' id='word_1_41' title='bbox 1332 1097 1546 1139; x_wconf 65' lang='lat' dir='ltr'>221v·-224).</span> 
     </span>
    </p>
   </div>
   <div class='ocr_carea' id='block_1_4' title="bbox 632 1251 682 1279">
    <p class='ocr_par' dir='ltr' id='par_1_4' title="bbox 632 1251 682 1279">
     <span class='ocr_line' id='line_1_6' title="bbox 632 1251 682 1279; baseline 0 0"><span class='ocrx_word' id='word_1_42' title='bbox 632 1251 682 1279; x_wconf 71' lang='lat'>⁸1.</span> 
     </span>
    </p>
   </div>
   <div class='ocr_carea' id='block_1_5' title="bbox 211 1341 1173 2605">
    <p class='ocr_par' dir='ltr' id='par_1_5' title="bbox 211 1341 1173 2605">
     <span class='ocr_line' id='line_1_7' title="bbox 254 1341 1167 1382; baseline -0.005 -7"><span class='ocrx_word' id='word_1_43' title='bbox 254 1346 308 1375; x_wconf 74' lang='lat'>1112</span> <span class='ocrx_word' id='word_1_44' title='bbox 320 1345 451 1375; x_wconf 87' lang='lat' dir='ltr'>nomine</span> <span class='ocrx_word' id='word_1_45' title='bbox 462 1344 688 1382; x_wconf 83' lang='lat' dir='ltr'>omnipotentis</span> <span class='ocrx_word' id='word_1_46' title='bbox 699 1343 799 1372; x_wconf 86' lang='lat' dir='ltr'>eterni</span> <span class='ocrx_word' id='word_1_47' title='bbox 815 1343 884 1378; x_wconf 79' lang='lat' dir='ltr'>Dei,</span> <span class='ocrx_word' id='word_1_48' title='bbox 898 1351 1004 1371; x_wconf 86' lang='lat' dir='ltr'>amen.</span> <span class='ocrx_word' id='word_1_49' title='bbox 1020 1341 1167 1371; x_wconf 78' lang='lat' dir='ltr'>Presenti</span> 
     </span>
     <span class='ocr_line' id='line_1_8' title="bbox 213 1394 1168 1437; baseline -0.005 -10"><span class='ocrx_word' id='word_1_50' title='bbox 213 1398 326 1437; x_wconf 79' lang='lat' dir='ltr'>pagina</span> <span class='ocrx_word' id='word_1_51' title='bbox 351 1397 473 1426; x_wconf 87' lang='lat' dir='ltr'>cunctis</span> <span class='ocrx_word' id='word_1_52' title='bbox 498 1396 679 1425; x_wconf 87' lang='lat' dir='ltr'>viventibus</span> <span class='ocrx_word' id='word_1_53' title='bbox 706 1395 964 1424; x_wconf 64' lang='lat' dir='ltr'>manifestissime</span> <span class='ocrx_word' id='word_1_54' title='bbox 990 1394 1168 1423; x_wconf 78' lang='lat' dir='ltr'>declaratur</span> 
     </span>
     <span class='ocr_line' id='line_1_9' title="bbox 211 1446 1168 1490; baseline -0.005 -10"><span class='ocrx_word' id='word_1_55' title='bbox 211 1456 286 1490; x_wconf 84' lang='lat' dir='ltr'>quot</span> <span class='ocrx_word' id='word_1_56' title='bbox 300 1450 420 1480; x_wconf 87' lang='lat' dir='ltr'>nobiles</span> <span class='ocrx_word' id='word_1_57' title='bbox 436 1449 496 1478; x_wconf 88' lang='lat' dir='ltr'>viri</span> <span class='ocrx_word' id='word_1_58' title='bbox 511 1449 548 1478; x_wconf 89' lang='lat' dir='ltr'>de</span> <span class='ocrx_word' id='word_1_59' title='bbox 559 1448 797 1485; x_wconf 72' lang='lat' dir='ltr'>Garfangnana,</span> <span class='ocrx_word' id='word_1_60' title='bbox 816 1447 963 1476; x_wconf 84' lang='lat' dir='ltr'>videlicet</span> <span class='ocrx_word' id='word_1_61' title='bbox 974 1446 1168 1476; x_wconf 88' lang='lat' dir='ltr'>Guilielmus</span> 
     </span>
     <span class='ocr_line' id='line_1_10' title="bbox 212 1500 1168 1538; baseline -0.004 -5"><span class='ocrx_word' id='word_1_62' title='bbox 212 1505 342 1534; x_wconf 83' lang='lat' dir='ltr'>Rubeus</span> <span class='ocrx_word' id='word_1_63' title='bbox 361 1508 390 1532; x_wconf 89' lang='lat' dir='ltr'>et</span> <span class='ocrx_word' id='word_1_64' title='bbox 406 1502 646 1532; x_wconf 87' lang='lat' dir='ltr'>Ildibrandinus</span> <span class='ocrx_word' id='word_1_65' title='bbox 665 1505 694 1530; x_wconf 88' lang='lat' dir='ltr'>et</span> <span class='ocrx_word' id='word_1_66' title='bbox 713 1501 906 1530; x_wconf 75' lang='lat' dir='ltr'>Guilielnius</span> <span class='ocrx_word' id='word_1_67' title='bbox 925 1500 1168 1538; x_wconf 77' lang='lat' dir='ltr'>Garfanguinus</span> 
     </span>
     <span class='ocr_line' id='line_1_11' title="bbox 212 1554 1170 1594; baseline -0.005 -6"><span class='ocrx_word' id='word_1_68' title='bbox 212 1564 241 1588; x_wconf 93' lang='lat' dir='ltr'>et</span> <span class='ocrx_word' id='word_1_69' title='bbox 265 1557 472 1588; x_wconf 79' lang='lat' dir='ltr'>Orlandectus</span> <span class='ocrx_word' id='word_1_70' title='bbox 492 1556 593 1594; x_wconf 86' lang='lat' dir='ltr'>adque</span> <span class='ocrx_word' id='word_1_71' title='bbox 619 1555 860 1585; x_wconf 85' lang='lat' dir='ltr'>Ildibraudinus</span> <span class='ocrx_word' id='word_1_72' title='bbox 883 1555 921 1584; x_wconf 86' lang='lat' dir='ltr'>de</span> <span class='ocrx_word' id='word_1_73' title='bbox 946 1554 1118 1584; x_wconf 83' lang='lat' dir='ltr'>Anchiano</span> <span class='ocrx_word' id='word_1_74' title='bbox 1140 1559 1170 1583; x_wconf 84' lang='lat' dir='ltr'>et</span> 
     </span>
     <span class='ocr_line' id='line_1_12' title="bbox 213 1608 1170 1641; baseline -0.004 0"><span class='ocrx_word' id='word_1_75' title='bbox 213 1611 403 1641; x_wconf 87' lang='lat' dir='ltr'>Gnilielmus</span> <span class='ocrx_word' id='word_1_76' title='bbox 424 1615 453 1639; x_wconf 88' lang='lat' dir='ltr'>et</span> <span class='ocrx_word' id='word_1_77' title='bbox 477 1609 719 1639; x_wconf 79' lang='lat' dir='ltr'>lldibrandinus</span> <span class='ocrx_word' id='word_1_78' title='bbox 736 1609 772 1638; x_wconf 86' lang='lat' dir='ltr'>de</span> <span class='ocrx_word' id='word_1_79' title='bbox 790 1608 935 1638; x_wconf 82' lang='lat' dir='ltr'>Carecini</span> <span class='ocrx_word' id='word_1_80' title='bbox 953 1613 982 1637; x_wconf 85' lang='lat' dir='ltr'>et</span> <span class='ocrx_word' id='word_1_81' title='bbox 1002 1608 1123 1637; x_wconf 82' lang='lat' dir='ltr'>Buosus</span> <span class='ocrx_word' id='word_1_82' title='bbox 1140 1612 1170 1637; x_wconf 86' lang='lat' dir='ltr'>et</span> 
     </span>
     <span class='ocr_line' id='line_1_13' title="bbox 214 1661 1169 1699; baseline -0.005 -5"><span class='ocrx_word' id='word_1_83' title='bbox 214 1664 363 1694; x_wconf 86' lang='lat' dir='ltr'>Biancadi</span> <span class='ocrx_word' id='word_1_84' title='bbox 387 1669 416 1692; x_wconf 79' lang='lat' dir='ltr'>et</span> <span class='ocrx_word' id='word_1_85' title='bbox 438 1662 622 1699; x_wconf 72' lang='lat' dir='ltr'>Tangi-edus</span> <span class='ocrx_word' id='word_1_86' title='bbox 649 1662 687 1691; x_wconf 90' lang='lat' dir='ltr'>de</span> <span class='ocrx_word' id='word_1_87' title='bbox 716 1661 887 1698; x_wconf 79' lang='lat' dir='ltr'>Molongna</span> <span class='ocrx_word' id='word_1_88' title='bbox 913 1666 941 1690; x_wconf 83' lang='lat' dir='ltr'>et</span> <span class='ocrx_word' id='word_1_89' title='bbox 967 1661 1169 1697; x_wconf 78' lang='lat' dir='ltr'>Pellegrinus</span> 
     </span>
     <span class='ocr_line' id='line_1_14' title="bbox 212 1713 1171 1756; baseline -0.005 -9"><span class='ocrx_word' id='word_1_90' title='bbox 212 1717 372 1756; x_wconf 83' lang='lat' dir='ltr'>Canpolus</span> <span class='ocrx_word' id='word_1_91' title='bbox 388 1721 417 1745; x_wconf 81' lang='lat' dir='ltr'>et</span> <span class='ocrx_word' id='word_1_92' title='bbox 433 1716 591 1753; x_wconf 75' lang='lat' dir='ltr'>Ugolinus</span> <span class='ocrx_word' id='word_1_93' title='bbox 612 1715 713 1753; x_wconf 80' lang='lat' dir='ltr'>adque</span> <span class='ocrx_word' id='word_1_94' title='bbox 729 1714 834 1744; x_wconf 89' lang='lat' dir='ltr'>Guido</span> <span class='ocrx_word' id='word_1_95' title='bbox 851 1714 889 1743; x_wconf 89' lang='lat' dir='ltr'>de</span> <span class='ocrx_word' id='word_1_96' title='bbox 914 1713 1122 1743; x_wconf 79' lang='lat' dir='ltr'>Cellabarocti</span> <span class='ocrx_word' id='word_1_97' title='bbox 1141 1717 1171 1743; x_wconf 84' lang='lat' dir='ltr'>et</span> 
     </span>
     <span class='ocr_line' id='line_1_15' title="bbox 216 1767 1170 1801; baseline -0.005 0"><span class='ocrx_word' id='word_1_98' title='bbox 216 1772 416 1801; x_wconf 75' lang='lat' dir='ltr'>Bonarursus</span> <span class='ocrx_word' id='word_1_99' title='bbox 437 1779 471 1798; x_wconf 74' lang='lat' dir='ltr'>ac</span> <span class='ocrx_word' id='word_1_100' title='bbox 493 1769 698 1798; x_wconf 69' lang='lat' dir='ltr'>Rannccinus</span> <span class='ocrx_word' id='word_1_101' title='bbox 714 1768 752 1797; x_wconf 89' lang='lat' dir='ltr'>de</span> <span class='ocrx_word' id='word_1_102' title='bbox 777 1768 929 1796; x_wconf 65' lang='lat' dir='ltr'>&amp;arriana</span> <span class='ocrx_word' id='word_1_103' title='bbox 946 1771 974 1796; x_wconf 86' lang='lat' dir='ltr'>et</span> <span class='ocrx_word' id='word_1_104' title='bbox 992 1767 1170 1797; x_wconf 81' lang='lat' dir='ltr'>Octinellus</span> 
     </span>
     <span class='ocr_line' id='line_1_16' title="bbox 213 1821 1167 1862; baseline -0.005 -8"><span class='ocrx_word' id='word_1_105' title='bbox 213 1825 251 1854; x_wconf 89' lang='lat' dir='ltr'>de</span> <span class='ocrx_word' id='word_1_106' title='bbox 279 1823 409 1862; x_wconf 73' lang='lat' dir='ltr'>Loppia,</span> <span class='ocrx_word' id='word_1_107' title='bbox 435 1828 464 1851; x_wconf 86' lang='lat' dir='ltr'>et</span> <span class='ocrx_word' id='word_1_108' title='bbox 489 1821 687 1852; x_wconf 78' lang='lat' dir='ltr'>Castellanus</span> <span class='ocrx_word' id='word_1_109' title='bbox 710 1821 747 1849; x_wconf 72' lang='lat' dir='ltr'>de</span> <span class='ocrx_word' id='word_1_110' title='bbox 771 1822 924 1858; x_wconf 52' lang='lat' dir='ltr'>[wi-pero,</span> <span class='ocrx_word' id='word_1_111' title='bbox 951 1821 1038 1849; x_wconf 73' lang='lat' dir='ltr'>tactis</span> <span class='ocrx_word' id='word_1_112' title='bbox 1064 1829 1167 1849; x_wconf 88' lang='lat' dir='ltr'>sacro-</span> 
     </span>
     <span class='ocr_line' id='line_1_17' title="bbox 215 1869 1169 1913; baseline -0.004 -6"><span class='ocrx_word' id='word_1_113' title='bbox 215 1878 332 1908; x_wconf 79' lang='lat' dir='ltr'>sanctis</span> <span class='ocrx_word' id='word_1_114' title='bbox 345 1876 532 1913; x_wconf 58' lang='lat' dir='ltr'>evangeliis</span> <span class='ocrx_word' id='word_1_115' title='bbox 553 1880 662 1913; x_wconf 88' lang='lat' dir='ltr'>sponte</span> <span class='ocrx_word' id='word_1_116' title='bbox 678 1874 715 1903; x_wconf 87' lang='lat' dir='ltr'>ad</span> <span class='ocrx_word' id='word_1_117' title='bbox 733 1880 840 1903; x_wconf 76' lang='lat' dir='ltr'>sancta</span> <span class='ocrx_word' id='word_1_118' title='bbox 859 1874 916 1902; x_wconf 76' lang='lat' dir='ltr'>Dei</span> <span class='ocrx_word' id='word_1_119' title='bbox 938 1869 1169 1911; x_wconf 62' lang='lat' dir='ltr'>evangeliaju-</span> 
     </span>
     <span class='ocr_line' id='line_1_18' title="bbox 216 1927 1171 1965; baseline -0.005 -5"><span class='ocrx_word' id='word_1_120' title='bbox 216 1934 365 1960; x_wconf 80' lang='lat' dir='ltr'>ravernnt</span> <span class='ocrx_word' id='word_1_121' title='bbox 391 1929 572 1958; x_wconf 81' lang='lat' dir='ltr'>fidelitatem</span> <span class='ocrx_word' id='word_1_122' title='bbox 600 1928 687 1957; x_wconf 81' lang='lat' dir='ltr'>beato</span> <span class='ocrx_word' id='word_1_123' title='bbox 714 1928 808 1956; x_wconf 88' lang='lat' dir='ltr'>Petro</span> <span class='ocrx_word' id='word_1_124' title='bbox 835 1927 972 1965; x_wconf 83' lang='lat' dir='ltr'>apostolo</span> <span class='ocrx_word' id='word_1_125' title='bbox 1000 1932 1171 1965; x_wconf 69' lang='lat' dir='ltr'>sancteque</span> 
     </span>
     <span class='ocr_line' id='line_1_19' title="bbox 216 1980 1171 2022; baseline -0.004 -10"><span class='ocrx_word' id='word_1_126' title='bbox 216 1983 386 2022; x_wconf 80' lang='lat' dir='ltr'>apostolice</span> <span class='ocrx_word' id='word_1_127' title='bbox 411 1982 550 2011; x_wconf 75' lang='lat' dir='ltr'>Romane</span> <span class='ocrx_word' id='word_1_128' title='bbox 569 1980 699 2009; x_wconf 79' lang='lat' dir='ltr'>ecclesie</span> <span class='ocrx_word' id='word_1_129' title='bbox 716 1985 745 2008; x_wconf 90' lang='lat' dir='ltr'>et</span> <span class='ocrx_word' id='word_1_130' title='bbox 769 1980 898 2009; x_wconf 84' lang='lat' dir='ltr'>domino</span> <span class='ocrx_word' id='word_1_131' title='bbox 919 1989 994 2017; x_wconf 80' lang='lat' dir='ltr'>pape</span> <span class='ocrx_word' id='word_1_132' title='bbox 1017 1980 1171 2016; x_wconf 77' lang='lat' dir='ltr'>Gregorio</span> 
     </span>
     <span class='ocr_line' id='line_1_20' title="bbox 216 2032 1171 2074; baseline -0.005 -9"><span class='ocrx_word' id='word_1_133' title='bbox 216 2037 346 2074; x_wconf 78' lang='lat' dir='ltr'>suisque</span> <span class='ocrx_word' id='word_1_134' title='bbox 363 2035 598 2064; x_wconf 77' lang='lat' dir='ltr'>successoribus</span> <span class='ocrx_word' id='word_1_135' title='bbox 614 2034 763 2063; x_wconf 83' lang='lat' dir='ltr'>canonice</span> <span class='ocrx_word' id='word_1_136' title='bbox 785 2033 994 2067; x_wconf 75' lang='lat' dir='ltr'>intrantibus,</span> <span class='ocrx_word' id='word_1_137' title='bbox 1013 2033 1044 2061; x_wconf 89' lang='lat' dir='ltr'>in</span> <span class='ocrx_word' id='word_1_138' title='bbox 1067 2032 1171 2061; x_wconf 85' lang='lat' dir='ltr'>mani-</span> 
     </span>
     <span class='ocr_line' id='line_1_21' title="bbox 217 2086 1172 2124; baseline -0.005 -5"><span class='ocrx_word' id='word_1_139' title='bbox 217 2090 274 2119; x_wconf 82' lang='lat' dir='ltr'>bus</span> <span class='ocrx_word' id='word_1_140' title='bbox 291 2088 479 2118; x_wconf 79' lang='lat' dir='ltr'>venerabilis</span> <span class='ocrx_word' id='word_1_141' title='bbox 496 2088 555 2116; x_wconf 89' lang='lat' dir='ltr'>viri</span> <span class='ocrx_word' id='word_1_142' title='bbox 570 2087 689 2116; x_wconf 86' lang='lat' dir='ltr'>domini</span> <span class='ocrx_word' id='word_1_143' title='bbox 708 2086 812 2115; x_wconf 86' lang='lat' dir='ltr'>Centii</span> <span class='ocrx_word' id='word_1_144' title='bbox 831 2087 940 2124; x_wconf 68' lang='lat' dir='ltr'>prefati</span> <span class='ocrx_word' id='word_1_145' title='bbox 958 2095 1033 2124; x_wconf 85' lang='lat' dir='ltr'>pape</span> <span class='ocrx_word' id='word_1_146' title='bbox 1050 2086 1172 2115; x_wconf 87' lang='lat' dir='ltr'>domini</span> 
     </span>
     <span class='ocr_line' id='line_1_22' title="bbox 216 2140 1172 2181; baseline -0.003 -10"><span class='ocrx_word' id='word_1_147' title='bbox 216 2141 394 2181; x_wconf 81' lang='lat' dir='ltr'>cappellani</span> <span class='ocrx_word' id='word_1_148' title='bbox 410 2141 511 2178; x_wconf 78' lang='lat' dir='ltr'>adque</span> <span class='ocrx_word' id='word_1_149' title='bbox 525 2140 723 2174; x_wconf 73' lang='lat' dir='ltr'>subdiaconi,</span> <span class='ocrx_word' id='word_1_150' title='bbox 737 2140 920 2177; x_wconf 77' lang='lat' dir='ltr'>recipientis</span> <span class='ocrx_word' id='word_1_151' title='bbox 936 2148 989 2177; x_wconf 86' lang='lat' dir='ltr'>pro</span> <span class='ocrx_word' id='word_1_152' title='bbox 1005 2140 1069 2177; x_wconf 84' lang='lat' dir='ltr'>ipsa</span> <span class='ocrx_word' id='word_1_153' title='bbox 1080 2148 1172 2177; x_wconf 86' lang='lat' dir='ltr'>apos-</span> 
     </span>
     <span class='ocr_line' id='line_1_23' title="bbox 216 2193 1171 2232; baseline -0.004 -7"><span class='ocrx_word' id='word_1_154' title='bbox 216 2196 308 2225; x_wconf 86' lang='lat' dir='ltr'>tolica</span> <span class='ocrx_word' id='word_1_155' title='bbox 332 2200 503 2232; x_wconf 79' lang='lat' dir='ltr'>sanctaque</span> <span class='ocrx_word' id='word_1_156' title='bbox 528 2194 669 2223; x_wconf 78' lang='lat' dir='ltr'>Romana</span> <span class='ocrx_word' id='word_1_157' title='bbox 693 2193 824 2222; x_wconf 83' lang='lat' dir='ltr'>ecclesia</span> <span class='ocrx_word' id='word_1_158' title='bbox 847 2198 876 2222; x_wconf 88' lang='lat' dir='ltr'>et</span> <span class='ocrx_word' id='word_1_159' title='bbox 900 2193 1017 2230; x_wconf 82' lang='lat' dir='ltr'>prefato</span> <span class='ocrx_word' id='word_1_160' title='bbox 1042 2193 1171 2221; x_wconf 89' lang='lat' dir='ltr'>domino</span> 
     </span>
     <span class='ocr_line' id='line_1_24' title="bbox 218 2245 1170 2288; baseline -0.005 -10"><span class='ocrx_word' id='word_1_161' title='bbox 218 2258 294 2288; x_wconf 82' lang='lat' dir='ltr'>papa</span> <span class='ocrx_word' id='word_1_162' title='bbox 310 2247 463 2285; x_wconf 82' lang='lat' dir='ltr'>Gregorio</span> <span class='ocrx_word' id='word_1_163' title='bbox 486 2247 616 2285; x_wconf 82' lang='lat' dir='ltr'>suisque</span> <span class='ocrx_word' id='word_1_164' title='bbox 633 2246 864 2275; x_wconf 83' lang='lat' dir='ltr'>successoribus</span> <span class='ocrx_word' id='word_1_165' title='bbox 880 2246 1031 2274; x_wconf 73' lang='lat' dir='ltr'>canonice</span> <span class='ocrx_word' id='word_1_166' title='bbox 1048 2245 1170 2273; x_wconf 87' lang='lat' dir='ltr'>intran-</span> 
     </span>
     <span class='ocr_line' id='line_1_25' title="bbox 220 2298 1172 2338; baseline -0.005 -7"><span class='ocrx_word' id='word_1_167' title='bbox 220 2302 315 2337; x_wconf 84' lang='lat' dir='ltr'>tibus,</span> <span class='ocrx_word' id='word_1_168' title='bbox 334 2301 392 2330; x_wconf 85' lang='lat' dir='ltr'>sub</span> <span class='ocrx_word' id='word_1_169' title='bbox 408 2300 466 2330; x_wconf 85' lang='lat' dir='ltr'>bac</span> <span class='ocrx_word' id='word_1_170' title='bbox 483 2300 582 2329; x_wconf 84' lang='lat' dir='ltr'>forma</span> <span class='ocrx_word' id='word_1_171' title='bbox 600 2312 605 2328; x_wconf 91' lang='lat'>:</span> <span class='ocrx_word' id='word_1_172' title='bbox 624 2304 699 2338; x_wconf 83' lang='lat' dir='ltr'>quot</span> <span class='ocrx_word' id='word_1_173' title='bbox 714 2299 753 2328; x_wconf 85' lang='lat' dir='ltr'>ab</span> <span class='ocrx_word' id='word_1_174' title='bbox 769 2299 827 2328; x_wconf 86' lang='lat' dir='ltr'>hac</span> <span class='ocrx_word' id='word_1_175' title='bbox 844 2298 920 2328; x_wconf 85' lang='lat' dir='ltr'>hora</span> <span class='ocrx_word' id='word_1_176' title='bbox 938 2299 968 2326; x_wconf 92' lang='lat' dir='ltr'>in</span> <span class='ocrx_word' id='word_1_177' title='bbox 987 2303 1077 2327; x_wconf 72' lang='lat' dir='ltr'>autea</span> <span class='ocrx_word' id='word_1_178' title='bbox 1100 2298 1172 2327; x_wconf 80' lang='lat' dir='ltr'>tide-</span> 
     </span>
     <span class='ocr_line' id='line_1_26' title="bbox 218 2351 1173 2390; baseline -0.004 -6"><span class='ocrx_word' id='word_1_179' title='bbox 218 2354 262 2384; x_wconf 89' lang='lat' dir='ltr'>les</span> <span class='ocrx_word' id='word_1_180' title='bbox 279 2359 308 2383; x_wconf 91' lang='lat' dir='ltr'>et</span> <span class='ocrx_word' id='word_1_181' title='bbox 323 2354 504 2383; x_wconf 77' lang='lat' dir='ltr'>obedientes</span> <span class='ocrx_word' id='word_1_182' title='bbox 522 2357 615 2382; x_wconf 88' lang='lat' dir='ltr'>erunt</span> <span class='ocrx_word' id='word_1_183' title='bbox 630 2352 719 2382; x_wconf 85' lang='lat' dir='ltr'>beato</span> <span class='ocrx_word' id='word_1_184' title='bbox 736 2352 829 2381; x_wconf 82' lang='lat' dir='ltr'>Petro</span> <span class='ocrx_word' id='word_1_185' title='bbox 845 2351 986 2390; x_wconf 86' lang='lat' dir='ltr'>apostolo</span> <span class='ocrx_word' id='word_1_186' title='bbox 1003 2356 1173 2389; x_wconf 81' lang='lat' dir='ltr'>sancteque</span> 
     </span>
     <span class='ocr_line' id='line_1_27' title="bbox 217 2404 1172 2446; baseline -0.003 -9"><span class='ocrx_word' id='word_1_187' title='bbox 217 2407 385 2446; x_wconf 86' lang='lat' dir='ltr'>apostolice</span> <span class='ocrx_word' id='word_1_188' title='bbox 411 2407 552 2436; x_wconf 83' lang='lat' dir='ltr'>Romane</span> <span class='ocrx_word' id='word_1_189' title='bbox 579 2405 711 2435; x_wconf 78' lang='lat' dir='ltr'>ecclesie</span> <span class='ocrx_word' id='word_1_190' title='bbox 734 2410 764 2434; x_wconf 84' lang='lat' dir='ltr'>et</span> <span class='ocrx_word' id='word_1_191' title='bbox 788 2405 916 2434; x_wconf 85' lang='lat' dir='ltr'>illorum</span> <span class='ocrx_word' id='word_1_192' title='bbox 941 2404 1072 2433; x_wconf 89' lang='lat' dir='ltr'>domino</span> <span class='ocrx_word' id='word_1_193' title='bbox 1095 2412 1172 2442; x_wconf 86' lang='lat' dir='ltr'>pape</span> 
     </span>
     <span class='ocr_line' id='line_1_28' title="bbox 217 2456 1172 2497; baseline -0.005 -7"><span class='ocrx_word' id='word_1_194' title='bbox 217 2460 368 2497; x_wconf 86' lang='lat' dir='ltr'>Gregorio</span> <span class='ocrx_word' id='word_1_195' title='bbox 384 2459 513 2497; x_wconf 86' lang='lat' dir='ltr'>suisque</span> <span class='ocrx_word' id='word_1_196' title='bbox 531 2458 764 2488; x_wconf 87' lang='lat' dir='ltr'>successorihus</span> <span class='ocrx_word' id='word_1_197' title='bbox 786 2457 941 2487; x_wconf 85' lang='lat' dir='ltr'>canonice</span> <span class='ocrx_word' id='word_1_198' title='bbox 959 2456 1172 2492; x_wconf 77' lang='lat' dir='ltr'>intrantibu53</span> 
     </span>
     <span class='ocr_line' id='line_1_29' title="bbox 219 2509 1173 2543; baseline -0.003 -1"><span class='ocrx_word' id='word_1_199' title='bbox 219 2522 281 2543; x_wconf 91' lang='lat' dir='ltr'>non</span> <span class='ocrx_word' id='word_1_200' title='bbox 299 2516 391 2542; x_wconf 86' lang='lat' dir='ltr'>eruut</span> <span class='ocrx_word' id='word_1_201' title='bbox 408 2513 441 2541; x_wconf 93' lang='lat' dir='ltr'>iu</span> <span class='ocrx_word' id='word_1_202' title='bbox 457 2512 591 2542; x_wconf 87' lang='lat' dir='ltr'>consilio</span> <span class='ocrx_word' id='word_1_203' title='bbox 608 2516 661 2541; x_wconf 81' lang='lat' dir='ltr'>aut</span> <span class='ocrx_word' id='word_1_204' title='bbox 677 2520 833 2541; x_wconf 85' lang='lat' dir='ltr'>consensu</span> <span class='ocrx_word' id='word_1_205' title='bbox 857 2509 907 2540; x_wconf 88' lang='lat' dir='ltr'>vel</span> <span class='ocrx_word' id='word_1_206' title='bbox 928 2510 1007 2540; x_wconf 82' lang='lat' dir='ltr'>sacto</span> <span class='ocrx_word' id='word_1_207' title='bbox 1024 2515 1058 2539; x_wconf 88' lang='lat' dir='ltr'>ut</span> <span class='ocrx_word' id='word_1_208' title='bbox 1075 2510 1173 2539; x_wconf 85' lang='lat' dir='ltr'>vitam</span> 
     </span>
     <span class='ocr_line' id='line_1_30' title="bbox 219 2563 1172 2605; baseline -0.005 -9"><span class='ocrx_word' id='word_1_209' title='bbox 219 2566 350 2605; x_wconf 85' lang='lat' dir='ltr'>perdant</span> <span class='ocrx_word' id='word_1_210' title='bbox 367 2570 421 2595; x_wconf 87' lang='lat' dir='ltr'>aut</span> <span class='ocrx_word' id='word_1_211' title='bbox 437 2565 618 2595; x_wconf 84' lang='lat' dir='ltr'>membrum</span> <span class='ocrx_word' id='word_1_212' title='bbox 640 2569 693 2593; x_wconf 83' lang='lat' dir='ltr'>aut</span> <span class='ocrx_word' id='word_1_213' title='bbox 714 2564 880 2602; x_wconf 78' lang='lat' dir='ltr'>capiantur</span> <span class='ocrx_word' id='word_1_214' title='bbox 902 2563 984 2592; x_wconf 83' lang='lat' dir='ltr'>mala</span> <span class='ocrx_word' id='word_1_215' title='bbox 1008 2563 1172 2601; x_wconf 81' lang='lat' dir='ltr'>captioue;</span> 
     </span>
    </p>
   </div>
   <div class='ocr_carea' id='block_1_6' title="bbox 179 2713 1176 3044">
    <p class='ocr_par' dir='ltr' id='par_1_6' title="bbox 179 2713 1176 2850">
     <span class='ocr_line' id='line_1_31' title="bbox 218 2713 1176 2748; baseline -0.005 -4"><span class='ocrx_word' id='word_1_216' title='bbox 218 2718 242 2744; x_wconf 82' lang='lat' dir='ltr'>l.</span> <span class='ocrx_word' id='word_1_217' title='bbox 262 2717 377 2744; x_wconf 86' lang='lat' dir='ltr'>Comme</span> <span class='ocrx_word' id='word_1_218' title='bbox 393 2724 425 2743; x_wconf 89' lang='lat' dir='ltr'>ce</span> <span class='ocrx_word' id='word_1_219' title='bbox 441 2716 513 2742; x_wconf 83' lang='lat' dir='ltr'>n‘est</span> <span class='ocrx_word' id='word_1_220' title='bbox 529 2720 609 2741; x_wconf 79' lang='lat' dir='ltr'>autre</span> <span class='ocrx_word' id='word_1_221' title='bbox 624 2715 713 2741; x_wconf 81' lang='lat' dir='ltr'>chose</span> <span class='ocrx_word' id='word_1_222' title='bbox 729 2722 782 2748; x_wconf 87' lang='lat' dir='ltr'>que</span> <span class='ocrx_word' id='word_1_223' title='bbox 798 2715 823 2740; x_wconf 89' lang='lat' dir='ltr'>la</span> <span class='ocrx_word' id='word_1_224' title='bbox 840 2713 1041 2748; x_wconf 80' lang='lat' dir='ltr'>reproduction</span> <span class='ocrx_word' id='word_1_225' title='bbox 1058 2714 1108 2740; x_wconf 85' lang='lat' dir='ltr'>des</span> <span class='ocrx_word' id='word_1_226' title='bbox 1126 2723 1176 2740; x_wconf 84' lang='lat' dir='ltr'>ru·</span> 
     </span>
     <span class='ocr_line' id='line_1_32' title="bbox 181 2762 1174 2801; baseline -0.004 -8"><span class='ocrx_word' id='word_1_227' title='bbox 181 2767 296 2801; x_wconf 84' lang='lat' dir='ltr'>briques</span> <span class='ocrx_word' id='word_1_228' title='bbox 316 2766 479 2800; x_wconf 77' lang='lat' dir='ltr'>imprimees</span> <span class='ocrx_word' id='word_1_229' title='bbox 497 2765 568 2791; x_wconf 78' lang='lat' dir='ltr'>dans</span> <span class='ocrx_word' id='word_1_230' title='bbox 590 2764 713 2790; x_wconf 77' lang='lat' dir='ltr'>l&#39;edition</span> <span class='ocrx_word' id='word_1_231' title='bbox 734 2766 770 2796; x_wconf 86' lang='lat' dir='ltr'>(t.</span> <span class='ocrx_word' id='word_1_232' title='bbox 787 2763 809 2795; x_wconf 87' lang='grc' dir='ltr'>Ι,</span> <span class='ocrx_word' id='word_1_233' title='bbox 829 2769 869 2789; x_wconf 83' lang='lat' dir='ltr'>n⁰⁵</span> <span class='ocrx_word' id='word_1_234' title='bbox 882 2762 1174 2796; x_wconf 77' lang='lat' dir='ltr'>I-CCLxxxvm),</span> 
     </span>
     <span class='ocr_line' id='line_1_33' title="bbox 179 2812 1081 2850; baseline -0.006 -8"><span class='ocrx_word' id='word_1_235' title='bbox 179 2817 209 2850; x_wconf 81' lang='lat' dir='ltr'>je</span> <span class='ocrx_word' id='word_1_236' title='bbox 224 2815 277 2841; x_wconf 85' lang='lat' dir='ltr'>n&#39;ai</span> <span class='ocrx_word' id='word_1_237' title='bbox 293 2824 342 2849; x_wconf 77' lang='lat' dir='ltr'>pas</span> <span class='ocrx_word' id='word_1_238' title='bbox 358 2823 409 2841; x_wconf 86' lang='lat' dir='ltr'>cru</span> <span class='ocrx_word' id='word_1_239' title='bbox 424 2814 521 2840; x_wconf 86' lang='lat' dir='ltr'>devoir</span> <span class='ocrx_word' id='word_1_240' title='bbox 538 2814 646 2839; x_wconf 84' lang='lat' dir='ltr'>donner</span> <span class='ocrx_word' id='word_1_241' title='bbox 664 2813 698 2838; x_wconf 87' lang='lat' dir='ltr'>ici</span> <span class='ocrx_word' id='word_1_242' title='bbox 714 2813 739 2838; x_wconf 89' lang='lat' dir='ltr'>le</span> <span class='ocrx_word' id='word_1_243' title='bbox 756 2816 831 2838; x_wconf 83' lang='lat' dir='ltr'>texte</span> <span class='ocrx_word' id='word_1_244' title='bbox 847 2812 881 2837; x_wconf 90' lang='lat' dir='ltr'>de</span> <span class='ocrx_word' id='word_1_245' title='bbox 897 2812 975 2838; x_wconf 76' lang='lat' dir='ltr'>cette</span> <span class='ocrx_word' id='word_1_246' title='bbox 992 2812 1081 2845; x_wconf 74' lang='lat' dir='ltr'>piece.</span> 
     </span>
    </p>

    <p class='ocr_par' dir='ltr' id='par_1_7' title="bbox 183 2860 1175 3044">
     <span class='ocr_line' id='line_1_34' title="bbox 217 2860 1175 2897; baseline -0.006 -6"><span class='ocrx_word' id='word_1_247' title='bbox 217 2865 243 2891; x_wconf 67' lang='lat'>2.</span> <span class='ocrx_word' id='word_1_248' title='bbox 269 2864 420 2897; x_wconf 81' lang='lat' dir='ltr'>Pugnano,</span> <span class='ocrx_word' id='word_1_249' title='bbox 441 2863 473 2889; x_wconf 73' lang='lat'>24</span> <span class='ocrx_word' id='word_1_250' title='bbox 497 2866 524 2888; x_wconf 89' lang='lat' dir='ltr'>et</span> <span class='ocrx_word' id='word_1_251' title='bbox 544 2862 578 2888; x_wconf 74' lang='lat'>‘25</span> <span class='ocrx_word' id='word_1_252' title='bbox 599 2862 714 2887; x_wconf 83' lang='lat' dir='ltr'>octobre</span> <span class='ocrx_word' id='word_1_253' title='bbox 738 2861 813 2887; x_wconf 57' lang='lat'>1238.</span> <span class='ocrx_word' id='word_1_254' title='bbox 833 2876 863 2880; x_wconf 90' lang='lat'>-</span> <span class='ocrx_word' id='word_1_255' title='bbox 881 2860 926 2887; x_wconf 85' lang='lat' dir='ltr'>Un</span> <span class='ocrx_word' id='word_1_256' title='bbox 943 2869 1052 2893; x_wconf 71' lang='lat' dir='ltr'>groupe</span> <span class='ocrx_word' id='word_1_257' title='bbox 1068 2860 1101 2886; x_wconf 77' lang='lat' dir='ltr'>de</span> <span class='ocrx_word' id='word_1_258' title='bbox 1117 2861 1175 2886; x_wconf 84' lang='lat' dir='ltr'>sei-</span> 
     </span>
     <span class='ocr_line' id='line_1_35' title="bbox 183 2909 1175 2947; baseline -0.004 -9"><span class='ocrx_word' id='word_1_259' title='bbox 183 2921 289 2947; x_wconf 68' lang='lat' dir='ltr'>gneurs</span> <span class='ocrx_word' id='word_1_260' title='bbox 310 2912 342 2938; x_wconf 82' lang='lat' dir='ltr'>de</span> <span class='ocrx_word' id='word_1_261' title='bbox 367 2913 389 2937; x_wconf 83' lang='lat' dir='ltr'>la</span> <span class='ocrx_word' id='word_1_262' title='bbox 413 2911 591 2945; x_wconf 78' lang='lat' dir='ltr'>Garsagnana</span> <span class='ocrx_word' id='word_1_263' title='bbox 616 2911 726 2944; x_wconf 71' lang='lat' dir='ltr'>preteut</span> <span class='ocrx_word' id='word_1_264' title='bbox 741 2914 867 2935; x_wconf 70' lang='lat' dir='ltr'>serment</span> <span class='ocrx_word' id='word_1_265' title='bbox 884 2910 917 2934; x_wconf 79' lang='lat' dir='ltr'>‹le</span> <span class='ocrx_word' id='word_1_266' title='bbox 933 2909 1036 2934; x_wconf 60' lang='lat' dir='ltr'>fidente*</span> <span class='ocrx_word' id='word_1_267' title='bbox 1053 2918 1087 2934; x_wconf 78' lang='lat' dir='ltr'>:iu</span> <span class='ocrx_word' id='word_1_268' title='bbox 1106 2918 1175 2943; x_wconf 75' lang='lat' dir='ltr'>pape</span> 
     </span>
     <span class='ocr_line' id='line_1_36' title="bbox 184 2959 1174 2995; baseline -0.005 -7"><span class='ocrx_word' id='word_1_269' title='bbox 184 2962 320 2995; x_wconf 79' lang='lat' dir='ltr'>Gregoire</span> <span class='ocrx_word' id='word_1_270' title='bbox 334 2961 476 2991; x_wconf 59' lang='lat' dir='ltr'>lx,en11·‹·</span> <span class='ocrx_word' id='word_1_271' title='bbox 489 2961 529 2985; x_wconf 74' lang='lat' dir='ltr'>les</span> <span class='ocrx_word' id='word_1_272' title='bbox 543 2959 634 2985; x_wconf 85' lang='lat' dir='ltr'>mains</span> <span class='ocrx_word' id='word_1_273' title='bbox 645 2959 682 2985; x_wconf 89' lang='lat' dir='ltr'>du</span> <span class='ocrx_word' id='word_1_274' title='bbox 694 2959 872 2985; x_wconf 66' lang='lat' dir='ltr'>sous-diacre</span> <span class='ocrx_word' id='word_1_275' title='bbox 886 2959 1174 2993; x_wconf 66' lang='lat' dir='ltr'>Cencn1S‚‹·hapolain</span> 
     </span>
     <span class='ocr_line' id='line_1_37' title="bbox 186 3010 335 3044; baseline 0 -9"><span class='ocrx_word' id='word_1_276' title='bbox 186 3010 335 3044; x_wconf 72' lang='lat' dir='ltr'>pontifical.</span> 
     </span>
    </p>
   </div>
   <div class='ocr_carea' id='block_1_7' title="bbox 1287 1248 2255 2564">
    <p class='ocr_par' dir='ltr' id='par_1_8' title="bbox 1287 1248 2251 2033">
     <span class='ocr_line' id='line_1_38' title="bbox 1287 1248 2247 1289; baseline 0.005 -12"><span class='ocrx_word' id='word_1_277' title='bbox 1287 1248 1459 1278; x_wconf 87' lang='lat' dir='ltr'>consilium</span> <span class='ocrx_word' id='word_1_278' title='bbox 1482 1258 1555 1280; x_wconf 87' lang='lat' dir='ltr'>vero</span> <span class='ocrx_word' id='word_1_279' title='bbox 1578 1250 1660 1289; x_wconf 90' lang='lat' dir='ltr'>quod</span> <span class='ocrx_word' id='word_1_280' title='bbox 1682 1251 1727 1280; x_wconf 80' lang='lat' dir='ltr'>eis</span> <span class='ocrx_word' id='word_1_281' title='bbox 1751 1251 1799 1281; x_wconf 94' lang='lat' dir='ltr'>vel</span> <span class='ocrx_word' id='word_1_282' title='bbox 1822 1251 1920 1281; x_wconf 90' lang='lat' dir='ltr'>alicui</span> <span class='ocrx_word' id='word_1_283' title='bbox 1943 1251 2071 1281; x_wconf 81' lang='lat' dir='ltr'>illorum</span> <span class='ocrx_word' id='word_1_284' title='bbox 2094 1251 2247 1282; x_wconf 85' lang='lat' dir='ltr'>credituri</span> 
     </span>
     <span class='ocr_line' id='line_1_39' title="bbox 1288 1302 2247 1344; baseline 0.005 -14"><span class='ocrx_word' id='word_1_285' title='bbox 1288 1306 1363 1331; x_wconf 85' lang='lat' dir='ltr'>sunt</span> <span class='ocrx_word' id='word_1_286' title='bbox 1385 1311 1440 1339; x_wconf 87' lang='lat' dir='ltr'>per</span> <span class='ocrx_word' id='word_1_287' title='bbox 1464 1311 1496 1331; x_wconf 84' lang='lat' dir='ltr'>se</span> <span class='ocrx_word' id='word_1_288' title='bbox 1516 1302 1565 1331; x_wconf 92' lang='lat' dir='ltr'>vel</span> <span class='ocrx_word' id='word_1_289' title='bbox 1584 1312 1638 1341; x_wconf 91' lang='lat' dir='ltr'>per</span> <span class='ocrx_word' id='word_1_290' title='bbox 1661 1304 1792 1334; x_wconf 87' lang='lat' dir='ltr'>nuutios</span> <span class='ocrx_word' id='word_1_291' title='bbox 1812 1313 1886 1334; x_wconf 89' lang='lat' dir='ltr'>suos</span> <span class='ocrx_word' id='word_1_292' title='bbox 1907 1305 1972 1334; x_wconf 83' lang='lat' dir='ltr'>sive</span> <span class='ocrx_word' id='word_1_293' title='bbox 1988 1314 2044 1344; x_wconf 91' lang='lat' dir='ltr'>per</span> <span class='ocrx_word' id='word_1_294' title='bbox 2064 1305 2190 1335; x_wconf 85' lang='lat' dir='ltr'>licteras</span> <span class='ocrx_word' id='word_1_295' title='bbox 2208 1305 2247 1335; x_wconf 87' lang='lat' dir='ltr'>ad</span> 
     </span>
     <span class='ocr_line' id='line_1_40' title="bbox 1288 1355 2247 1395; baseline 0.004 -11"><span class='ocrx_word' id='word_1_296' title='bbox 1288 1363 1398 1384; x_wconf 90' lang='lat' dir='ltr'>eorum</span> <span class='ocrx_word' id='word_1_297' title='bbox 1416 1355 1589 1394; x_wconf 87' lang='lat' dir='ltr'>dampnum</span> <span class='ocrx_word' id='word_1_298' title='bbox 1609 1357 1732 1386; x_wconf 82' lang='lat' dir='ltr'>nemini</span> <span class='ocrx_word' id='word_1_299' title='bbox 1748 1357 1887 1395; x_wconf 88' lang='lat' dir='ltr'>pandent</span> <span class='ocrx_word' id='word_1_300' title='bbox 1903 1357 1969 1387; x_wconf 84' lang='lat' dir='ltr'>illis</span> <span class='ocrx_word' id='word_1_301' title='bbox 1985 1358 2171 1388; x_wconf 85' lang='lat' dir='ltr'>scientibus.</span> <span class='ocrx_word' id='word_1_302' title='bbox 2186 1358 2247 1388; x_wconf 85' lang='lat' dir='ltr'>Pa-</span> 
     </span>
     <span class='ocr_line' id='line_1_41' title="bbox 1290 1409 2248 1449; baseline 0.004 -12"><span class='ocrx_word' id='word_1_303' title='bbox 1290 1412 1396 1446; x_wconf 83' lang='lat' dir='ltr'>patum</span> <span class='ocrx_word' id='word_1_304' title='bbox 1420 1410 1603 1438; x_wconf 85' lang='lat' dir='ltr'>Romanum</span> <span class='ocrx_word' id='word_1_305' title='bbox 1621 1414 1650 1439; x_wconf 87' lang='lat' dir='ltr'>et</span> <span class='ocrx_word' id='word_1_306' title='bbox 1668 1409 1786 1447; x_wconf 79' lang='lat' dir='ltr'>regalia</span> <span class='ocrx_word' id='word_1_307' title='bbox 1803 1411 1902 1440; x_wconf 79' lang='lat' dir='ltr'>sancti</span> <span class='ocrx_word' id='word_1_308' title='bbox 1918 1411 2004 1440; x_wconf 86' lang='lat' dir='ltr'>Petri</span> <span class='ocrx_word' id='word_1_309' title='bbox 2023 1411 2184 1449; x_wconf 84' lang='lat' dir='ltr'>adjutores</span> <span class='ocrx_word' id='word_1_310' title='bbox 2201 1411 2248 1441; x_wconf 89' lang='lat' dir='ltr'>eis</span> 
     </span>
     <span class='ocr_line' id='line_1_42' title="bbox 1290 1461 2248 1494; baseline 0.003 -4"><span class='ocrx_word' id='word_1_311' title='bbox 1290 1467 1385 1491; x_wconf 87' lang='lat' dir='ltr'>eruut</span> <span class='ocrx_word' id='word_1_312' title='bbox 1404 1461 1442 1490; x_wconf 89' lang='lat' dir='ltr'>ad</span> <span class='ocrx_word' id='word_1_313' title='bbox 1468 1462 1673 1492; x_wconf 83' lang='lat' dir='ltr'>retinendum</span> <span class='ocrx_word' id='word_1_314' title='bbox 1690 1467 1720 1492; x_wconf 84' lang='lat' dir='ltr'>et</span> <span class='ocrx_word' id='word_1_315' title='bbox 1734 1463 1971 1493; x_wconf 77' lang='lat' dir='ltr'>defendendum</span> <span class='ocrx_word' id='word_1_316' title='bbox 1989 1469 2098 1494; x_wconf 86' lang='lat' dir='ltr'>contra</span> <span class='ocrx_word' id='word_1_317' title='bbox 2119 1472 2248 1494; x_wconf 87' lang='lat' dir='ltr'>omnem</span> 
     </span>
     <span class='ocr_line' id='line_1_43' title="bbox 1291 1514 2248 1554; baseline 0.004 -11"><span class='ocrx_word' id='word_1_318' title='bbox 1291 1514 1474 1549; x_wconf 56' lang='lat' dir='ltr'>hominenu</span> <span class='ocrx_word' id='word_1_319' title='bbox 1502 1515 1640 1552; x_wconf 84' lang='lat' dir='ltr'>legatum</span> <span class='ocrx_word' id='word_1_320' title='bbox 1664 1516 1783 1554; x_wconf 83' lang='lat' dir='ltr'>et[iam]</span> <span class='ocrx_word' id='word_1_321' title='bbox 1800 1516 1967 1554; x_wconf 81' lang='lat' dir='ltr'>apostolice</span> <span class='ocrx_word' id='word_1_322' title='bbox 1989 1517 2073 1547; x_wconf 88' lang='lat' dir='ltr'>sedis</span> <span class='ocrx_word' id='word_1_323' title='bbox 2090 1517 2123 1546; x_wconf 88' lang='lat' dir='ltr'>in</span> <span class='ocrx_word' id='word_1_324' title='bbox 2143 1517 2248 1547; x_wconf 90' lang='lat' dir='ltr'>eundo</span> 
     </span>
     <span class='ocr_line' id='line_1_44' title="bbox 1291 1568 2247 1600; baseline 0.002 -3"><span class='ocrx_word' id='word_1_325' title='bbox 1291 1571 1321 1597; x_wconf 88' lang='lat' dir='ltr'>et</span> <span class='ocrx_word' id='word_1_326' title='bbox 1337 1568 1521 1598; x_wconf 87' lang='lat' dir='ltr'>reddeundo</span> <span class='ocrx_word' id='word_1_327' title='bbox 1543 1568 1720 1598; x_wconf 81' lang='lat' dir='ltr'>honorifice</span> <span class='ocrx_word' id='word_1_328' title='bbox 1739 1570 1916 1599; x_wconf 83' lang='lat' dir='ltr'>tractabunt</span> <span class='ocrx_word' id='word_1_329' title='bbox 1932 1573 1959 1599; x_wconf 83' lang='lat' dir='ltr'>et</span> <span class='ocrx_word' id='word_1_330' title='bbox 1975 1570 2008 1600; x_wconf 89' lang='lat' dir='ltr'>in</span> <span class='ocrx_word' id='word_1_331' title='bbox 2026 1570 2092 1599; x_wconf 89' lang='lat' dir='ltr'>suis</span> <span class='ocrx_word' id='word_1_332' title='bbox 2111 1570 2247 1599; x_wconf 89' lang='lat' dir='ltr'>necessi-</span> 
     </span>
     <span class='ocr_line' id='line_1_45' title="bbox 1293 1621 2249 1657; baseline 0.004 -8"><span class='ocrx_word' id='word_1_333' title='bbox 1293 1621 1409 1650; x_wconf 79' lang='lat' dir='ltr'>tatibus</span> <span class='ocrx_word' id='word_1_334' title='bbox 1434 1621 1642 1657; x_wconf 83' lang='lat' dir='ltr'>adjuvabunt.</span> <span class='ocrx_word' id='word_1_335' title='bbox 1667 1624 1744 1652; x_wconf 81' lang='lat' dir='ltr'>Acta</span> <span class='ocrx_word' id='word_1_336' title='bbox 1765 1627 1840 1652; x_wconf 89' lang='lat' dir='ltr'>sunt</span> <span class='ocrx_word' id='word_1_337' title='bbox 1859 1623 1916 1652; x_wconf 89' lang='lat' dir='ltr'>hec</span> <span class='ocrx_word' id='word_1_338' title='bbox 1938 1623 1972 1652; x_wconf 79' lang='lat' dir='ltr'>iu</span> <span class='ocrx_word' id='word_1_339' title='bbox 1994 1623 2125 1653; x_wconf 75' lang='lat' dir='ltr'>ecelesia</span> <span class='ocrx_word' id='word_1_340' title='bbox 2143 1627 2249 1653; x_wconf 85' lang='lat' dir='ltr'>sancte</span> 
     </span>
     <span class='ocr_line' id='line_1_46' title="bbox 1293 1675 2249 1714; baseline 0.003 -11"><span class='ocrx_word' id='word_1_341' title='bbox 1293 1675 1393 1704; x_wconf 79' lang='lat' dir='ltr'>Marie</span> <span class='ocrx_word' id='word_1_342' title='bbox 1405 1675 1549 1712; x_wconf 85' lang='lat' dir='ltr'>Virginis</span> <span class='ocrx_word' id='word_1_343' title='bbox 1562 1675 1660 1714; x_wconf 85' lang='lat' dir='ltr'>plebis</span> <span class='ocrx_word' id='word_1_344' title='bbox 1672 1675 1710 1705; x_wconf 90' lang='lat' dir='ltr'>de</span> <span class='ocrx_word' id='word_1_345' title='bbox 1724 1676 1878 1714; x_wconf 85' lang='lat' dir='ltr'>Pugnauo</span> <span class='ocrx_word' id='word_1_346' title='bbox 1890 1676 2006 1706; x_wconf 89' lang='lat' dir='ltr'>Pisane</span> <span class='ocrx_word' id='word_1_347' title='bbox 2019 1676 2165 1710; x_wconf 80' lang='lat' dir='ltr'>diocesis.</span> <span class='ocrx_word' id='word_1_348' title='bbox 2180 1685 2249 1714; x_wconf 89' lang='lat' dir='ltr'>pre-</span> 
     </span>
     <span class='ocr_line' id='line_1_47' title="bbox 1292 1728 2250 1768; baseline 0.004 -12"><span class='ocrx_word' id='word_1_349' title='bbox 1292 1728 1435 1757; x_wconf 84' lang='lat' dir='ltr'>sentibus</span> <span class='ocrx_word' id='word_1_350' title='bbox 1455 1729 1636 1768; x_wconf 73' lang='lat' dir='ltr'>presbytero</span> <span class='ocrx_word' id='word_1_351' title='bbox 1658 1730 1840 1759; x_wconf 86' lang='lat' dir='ltr'>Bonacurso</span> <span class='ocrx_word' id='word_1_352' title='bbox 1861 1730 1979 1768; x_wconf 86' lang='lat' dir='ltr'>prefate</span> <span class='ocrx_word' id='word_1_353' title='bbox 1997 1730 2099 1768; x_wconf 85' lang='lat' dir='ltr'>plebis</span> <span class='ocrx_word' id='word_1_354' title='bbox 2119 1729 2250 1768; x_wconf 76' lang='lat' dir='ltr'>plebano</span> 
     </span>
     <span class='ocr_line' id='line_1_48' title="bbox 1292 1782 2250 1822; baseline 0.002 -11"><span class='ocrx_word' id='word_1_355' title='bbox 1292 1787 1321 1811; x_wconf 90' lang='lat' dir='ltr'>et</span> <span class='ocrx_word' id='word_1_356' title='bbox 1342 1782 1473 1812; x_wconf 87' lang='lat' dir='ltr'>domino</span> <span class='ocrx_word' id='word_1_357' title='bbox 1495 1782 1692 1812; x_wconf 75' lang='lat' dir='ltr'>Tlioinasino</span> <span class='ocrx_word' id='word_1_358' title='bbox 1716 1783 1830 1812; x_wconf 74' lang='lat' dir='ltr'>pisane</span> <span class='ocrx_word' id='word_1_359' title='bbox 1852 1784 1982 1822; x_wconf 83' lang='lat' dir='ltr'>maj0ris</span> <span class='ocrx_word' id='word_1_360' title='bbox 2002 1782 2134 1813; x_wconf 87' lang='lat' dir='ltr'>ecclesie</span> <span class='ocrx_word' id='word_1_361' title='bbox 2154 1791 2250 1813; x_wconf 88' lang='lat' dir='ltr'>cano-</span> 
     </span>
     <span class='ocr_line' id='line_1_49' title="bbox 1294 1833 2250 1871; baseline 0.004 -10"><span class='ocrx_word' id='word_1_362' title='bbox 1294 1834 1364 1863; x_wconf 88' lang='lat' dir='ltr'>nico</span> <span class='ocrx_word' id='word_1_363' title='bbox 1381 1839 1409 1862; x_wconf 84' lang='lat' dir='ltr'>et</span> <span class='ocrx_word' id='word_1_364' title='bbox 1422 1834 1509 1863; x_wconf 87' lang='lat' dir='ltr'>Bono</span> <span class='ocrx_word' id='word_1_365' title='bbox 1525 1835 1632 1871; x_wconf 74' lang='lat' dir='ltr'>prefati</span> <span class='ocrx_word' id='word_1_366' title='bbox 1645 1833 1748 1864; x_wconf 85' lang='lat' dir='ltr'>Centii</span> <span class='ocrx_word' id='word_1_367' title='bbox 1765 1834 1881 1865; x_wconf 77' lang='lat' dir='ltr'>clerieo</span> <span class='ocrx_word' id='word_1_368' title='bbox 1894 1840 1923 1864; x_wconf 89' lang='lat' dir='ltr'>et</span> <span class='ocrx_word' id='word_1_369' title='bbox 1939 1835 2071 1865; x_wconf 85' lang='lat' dir='ltr'>domino</span> <span class='ocrx_word' id='word_1_370' title='bbox 2084 1834 2199 1865; x_wconf 79' lang='lat' dir='ltr'>Guelfo</span> <span class='ocrx_word' id='word_1_371' title='bbox 2212 1835 2250 1865; x_wconf 88' lang='lat' dir='ltr'>de</span> 
     </span>
     <span class='ocr_line' id='line_1_50' title="bbox 1295 1887 2251 1926; baseline 0.002 -10"><span class='ocrx_word' id='word_1_372' title='bbox 1295 1887 1452 1919; x_wconf 77' lang='lat' dir='ltr'>Porcario,</span> <span class='ocrx_word' id='word_1_373' title='bbox 1468 1892 1497 1916; x_wconf 87' lang='lat' dir='ltr'>et</span> <span class='ocrx_word' id='word_1_374' title='bbox 1513 1887 1656 1925; x_wconf 79' lang='lat' dir='ltr'>pluribus</span> <span class='ocrx_word' id='word_1_375' title='bbox 1672 1887 1743 1917; x_wconf 85' lang='lat' dir='ltr'>aliis</span> <span class='ocrx_word' id='word_1_376' title='bbox 1755 1888 1792 1917; x_wconf 85' lang='lat' dir='ltr'>ad</span> <span class='ocrx_word' id='word_1_377' title='bbox 1809 1888 1865 1918; x_wconf 86' lang='lat' dir='ltr'>hec</span> <span class='ocrx_word' id='word_1_378' title='bbox 1881 1889 2152 1926; x_wconf 76' lang='lat' dir='ltr'>1·ogatistestibus‚</span> <span class='ocrx_word' id='word_1_379' title='bbox 2166 1897 2251 1919; x_wconf 89' lang='lat' dir='ltr'>anno</span> 
     </span>
     <span class='ocr_line' id='line_1_51' title="bbox 1294 1940 2251 1980; baseline 0.003 -12"><span class='ocrx_word' id='word_1_380' title='bbox 1294 1941 1525 1969; x_wconf 75' lang='lat' dir='ltr'>incarnationis</span> <span class='ocrx_word' id='word_1_381' title='bbox 1547 1941 1706 1970; x_wconf 82' lang='lat' dir='ltr'>dominice</span> <span class='ocrx_word' id='word_1_382' title='bbox 1730 1940 1902 1971; x_wconf 83' lang='lat' dir='ltr'>millesimo</span> <span class='ocrx_word' id='word_1_383' title='bbox 1925 1942 2141 1972; x_wconf 86' lang='lat' dir='ltr'>ducentesimo</span> <span class='ocrx_word' id='word_1_384' title='bbox 2163 1942 2251 1980; x_wconf 85' lang='lat' dir='ltr'>vige-</span> 
     </span>
     <span class='ocr_line' id='line_1_52' title="bbox 1293 1993 2193 2033; baseline 0.002 -11"><span class='ocrx_word' id='word_1_385' title='bbox 1293 1993 1376 2023; x_wconf 89' lang='lat' dir='ltr'>simo</span> <span class='ocrx_word' id='word_1_386' title='bbox 1392 1999 1517 2028; x_wconf 65' lang='lat' dir='ltr'>octavo,</span> <span class='ocrx_word' id='word_1_387' title='bbox 1535 1995 1711 2024; x_wconf 84' lang='lat' dir='ltr'>indictione</span> <span class='ocrx_word' id='word_1_388' title='bbox 1729 1995 1844 2033; x_wconf 70' lang='lat' dir='ltr'>prima,</span> <span class='ocrx_word' id='word_1_389' title='bbox 1864 2004 1947 2025; x_wconf 92' lang='lat' dir='ltr'>nono</span> <span class='ocrx_word' id='word_1_390' title='bbox 1965 1995 2028 2025; x_wconf 89' lang='lat' dir='ltr'>kal.</span> <span class='ocrx_word' id='word_1_391' title='bbox 2048 1996 2193 2025; x_wconf 87' lang='lat' dir='ltr'>novemb.</span> 
     </span>
    </p>

    <p class='ocr_par' dir='ltr' id='par_1_9' title="bbox 1295 2047 2253 2351">
     <span class='ocr_line' id='line_1_53' title="bbox 1335 2047 2253 2086; baseline 0.003 -10"><span class='ocrx_word' id='word_1_392' title='bbox 1335 2047 1446 2076; x_wconf 85' lang='lat' dir='ltr'>Postea</span> <span class='ocrx_word' id='word_1_393' title='bbox 1462 2056 1534 2077; x_wconf 85' lang='lat' dir='ltr'>vero</span> <span class='ocrx_word' id='word_1_394' title='bbox 1546 2049 1690 2086; x_wconf 83' lang='lat' dir='ltr'>sequenti</span> <span class='ocrx_word' id='word_1_395' title='bbox 1705 2048 1754 2078; x_wconf 89' lang='lat' dir='ltr'>die</span> <span class='ocrx_word' id='word_1_396' title='bbox 1770 2048 1893 2078; x_wconf 88' lang='lat' dir='ltr'>nobiles</span> <span class='ocrx_word' id='word_1_397' title='bbox 1906 2049 1965 2078; x_wconf 89' lang='lat' dir='ltr'>viri</span> <span class='ocrx_word' id='word_1_398' title='bbox 1976 2049 2015 2078; x_wconf 92' lang='lat' dir='ltr'>de</span> <span class='ocrx_word' id='word_1_399' title='bbox 2025 2049 2253 2086; x_wconf 80' lang='lat' dir='ltr'>Garranguano</span> 
     </span>
     <span class='ocr_line' id='line_1_54' title="bbox 1295 2099 2251 2140; baseline 0.003 -12"><span class='ocrx_word' id='word_1_400' title='bbox 1295 2099 1499 2129; x_wconf 82' lang='lat' dir='ltr'>Malliavacca</span> <span class='ocrx_word' id='word_1_401' title='bbox 1516 2105 1545 2129; x_wconf 87' lang='lat' dir='ltr'>et</span> <span class='ocrx_word' id='word_1_402' title='bbox 1560 2100 1756 2130; x_wconf 85' lang='lat' dir='ltr'>Guilielmus</span> <span class='ocrx_word' id='word_1_403' title='bbox 1776 2101 1815 2130; x_wconf 89' lang='lat' dir='ltr'>de</span> <span class='ocrx_word' id='word_1_404' title='bbox 1834 2101 2043 2131; x_wconf 84' lang='lat' dir='ltr'>Cellabarocti</span> <span class='ocrx_word' id='word_1_405' title='bbox 2065 2101 2150 2131; x_wconf 89' lang='lat' dir='ltr'>idem</span> <span class='ocrx_word' id='word_1_406' title='bbox 2169 2101 2251 2140; x_wconf 87' lang='lat' dir='ltr'>quod</span> 
     </span>
     <span class='ocr_line' id='line_1_55' title="bbox 1295 2152 2253 2192; baseline 0.003 -12"><span class='ocrx_word' id='word_1_407' title='bbox 1295 2152 1427 2190; x_wconf 77' lang='lat' dir='ltr'>predicti</span> <span class='ocrx_word' id='word_1_408' title='bbox 1444 2152 1476 2181; x_wconf 88' lang='lat' dir='ltr'>in</span> <span class='ocrx_word' id='word_1_409' title='bbox 1495 2153 1644 2182; x_wconf 85' lang='lat' dir='ltr'>omnihus</span> <span class='ocrx_word' id='word_1_410' title='bbox 1660 2158 1689 2182; x_wconf 89' lang='lat' dir='ltr'>et</span> <span class='ocrx_word' id='word_1_411' title='bbox 1704 2162 1759 2192; x_wconf 89' lang='lat' dir='ltr'>per</span> <span class='ocrx_word' id='word_1_412' title='bbox 1774 2153 1885 2183; x_wconf 85' lang='lat' dir='ltr'>omnia</span> <span class='ocrx_word' id='word_1_413' title='bbox 1897 2154 2096 2191; x_wconf 80' lang='lat' dir='ltr'>juraveruut,</span> <span class='ocrx_word' id='word_1_414' title='bbox 2108 2153 2141 2182; x_wconf 91' lang='lat' dir='ltr'>in</span> <span class='ocrx_word' id='word_1_415' title='bbox 2153 2153 2253 2183; x_wconf 76' lang='lat' dir='ltr'>claus-</span> 
     </span>
     <span class='ocr_line' id='line_1_56' title="bbox 1296 2206 2253 2246; baseline 0.002 -11"><span class='ocrx_word' id='word_1_416' title='bbox 1296 2211 1341 2235; x_wconf 85' lang='lat' dir='ltr'>tro</span> <span class='ocrx_word' id='word_1_417' title='bbox 1368 2206 1485 2244; x_wconf 80' lang='lat' dir='ltr'>prefato</span> <span class='ocrx_word' id='word_1_418' title='bbox 1513 2206 1611 2245; x_wconf 88' lang='lat' dir='ltr'>plebis</span> <span class='ocrx_word' id='word_1_419' title='bbox 1623 2230 1630 2244; x_wconf 89' lang='lat'>,</span> <span class='ocrx_word' id='word_1_420' title='bbox 1660 2207 1862 2245; x_wconf 85' lang='lat' dir='ltr'>presentibus</span> <span class='ocrx_word' id='word_1_421' title='bbox 1889 2207 2038 2246; x_wconf 86' lang='lat' dir='ltr'>predictis</span> <span class='ocrx_word' id='word_1_422' title='bbox 2064 2207 2198 2246; x_wconf 86' lang='lat' dir='ltr'>plebano</span> <span class='ocrx_word' id='word_1_423' title='bbox 2224 2211 2253 2237; x_wconf 86' lang='lat' dir='ltr'>et</span> 
     </span>
     <span class='ocr_line' id='line_1_57' title="bbox 1297 2259 2253 2298; baseline 0.002 -10"><span class='ocrx_word' id='word_1_424' title='bbox 1297 2260 1478 2298; x_wconf 81' lang='lat' dir='ltr'>presbytero</span> <span class='ocrx_word' id='word_1_425' title='bbox 1494 2259 1641 2289; x_wconf 85' lang='lat' dir='ltr'>Gnidone</span> <span class='ocrx_word' id='word_1_426' title='bbox 1658 2259 1696 2289; x_wconf 88' lang='lat' dir='ltr'>de</span> <span class='ocrx_word' id='word_1_427' title='bbox 1710 2260 1871 2298; x_wconf 78' lang='lat' dir='ltr'>Pappiana</span> <span class='ocrx_word' id='word_1_428' title='bbox 1888 2265 1917 2290; x_wconf 86' lang='lat' dir='ltr'>et</span> <span class='ocrx_word' id='word_1_429' title='bbox 1932 2261 2153 2298; x_wconf 87' lang='lat' dir='ltr'>prenominato</span> <span class='ocrx_word' id='word_1_430' title='bbox 2166 2261 2253 2290; x_wconf 83' lang='lat' dir='ltr'>Bono</span> 
     </span>
     <span class='ocr_line' id='line_1_58' title="bbox 1295 2313 1989 2351; baseline 0 -9"><span class='ocrx_word' id='word_1_431' title='bbox 1295 2318 1325 2342; x_wconf 87' lang='lat' dir='ltr'>et</span> <span class='ocrx_word' id='word_1_432' title='bbox 1341 2313 1484 2351; x_wconf 85' lang='lat' dir='ltr'>pluribus</span> <span class='ocrx_word' id='word_1_433' title='bbox 1502 2313 1573 2342; x_wconf 82' lang='lat' dir='ltr'>aliis</span> <span class='ocrx_word' id='word_1_434' title='bbox 1588 2313 1626 2342; x_wconf 87' lang='lat' dir='ltr'>ad</span> <span class='ocrx_word' id='word_1_435' title='bbox 1642 2313 1700 2343; x_wconf 86' lang='lat' dir='ltr'>hoc</span> <span class='ocrx_word' id='word_1_436' title='bbox 1712 2313 1829 2351; x_wconf 83' lang='lat' dir='ltr'>rogatis</span> <span class='ocrx_word' id='word_1_437' title='bbox 1847 2313 1989 2343; x_wconf 88' lang='lat' dir='ltr'>testibus.</span> 
     </span>
    </p>

    <p class='ocr_par' dir='ltr' id='par_1_10' title="bbox 1294 2365 2255 2564">
     <span class='ocr_line' id='line_1_59' title="bbox 1335 2365 2254 2410; baseline 0.002 -15"><span class='ocrx_word' id='word_1_438' title='bbox 1335 2366 1399 2404; x_wconf 80' lang='lat' dir='ltr'>Ego</span> <span class='ocrx_word' id='word_1_439' title='bbox 1417 2365 1612 2395; x_wconf 84' lang='lat' dir='ltr'>Pastinellus</span> <span class='ocrx_word' id='word_1_440' title='bbox 1626 2366 1786 2405; x_wconf 87' lang='lat' dir='ltr'>quondam</span> <span class='ocrx_word' id='word_1_441' title='bbox 1797 2365 1955 2396; x_wconf 88' lang='lat' dir='ltr'>Guidonis</span> <span class='ocrx_word' id='word_1_442' title='bbox 1971 2366 2130 2410; x_wconf 68' lang='lat' dir='ltr'>Marx-ouis</span> <span class='ocrx_word' id='word_1_443' title='bbox 2143 2366 2181 2396; x_wconf 89' lang='lat' dir='ltr'>de</span> <span class='ocrx_word' id='word_1_444' title='bbox 2192 2367 2254 2397; x_wconf 88' lang='lat' dir='ltr'>Pu-</span> 
     </span>
     <span class='ocr_line' id='line_1_60' title="bbox 1294 2418 2253 2458; baseline 0.002 -10"><span class='ocrx_word' id='word_1_445' title='bbox 1294 2428 1400 2458; x_wconf 82' lang='lat' dir='ltr'>gnauo</span> <span class='ocrx_word' id='word_1_446' title='bbox 1417 2419 1531 2448; x_wconf 86' lang='lat' dir='ltr'>Pisaue</span> <span class='ocrx_word' id='word_1_447' title='bbox 1548 2419 1696 2456; x_wconf 81' lang='lat' dir='ltr'>diocesis,</span> <span class='ocrx_word' id='word_1_448' title='bbox 1722 2418 1899 2458; x_wconf 80' lang='lat' dir='ltr'>imperialis</span> <span class='ocrx_word' id='word_1_449' title='bbox 1920 2419 1992 2449; x_wconf 89' lang='lat' dir='ltr'>aule</span> <span class='ocrx_word' id='word_1_450' title='bbox 2011 2419 2168 2456; x_wconf 80' lang='lat' dir='ltr'>notarius,</span> <span class='ocrx_word' id='word_1_451' title='bbox 2184 2428 2253 2450; x_wconf 91' lang='lat' dir='ltr'>om-</span> 
     </span>
     <span class='ocr_line' id='line_1_61' title="bbox 1296 2471 2255 2511; baseline 0 -9"><span class='ocrx_word' id='word_1_452' title='bbox 1296 2473 1390 2502; x_wconf 87' lang='lat' dir='ltr'>nibus</span> <span class='ocrx_word' id='word_1_453' title='bbox 1411 2472 1480 2502; x_wconf 86' lang='lat' dir='ltr'>istis</span> <span class='ocrx_word' id='word_1_454' title='bbox 1508 2472 1641 2501; x_wconf 81' lang='lat' dir='ltr'>interfui</span> <span class='ocrx_word' id='word_1_455' title='bbox 1665 2477 1695 2502; x_wconf 88' lang='lat' dir='ltr'>et</span> <span class='ocrx_word' id='word_1_456' title='bbox 1718 2472 1800 2501; x_wconf 86' lang='lat' dir='ltr'>hauc</span> <span class='ocrx_word' id='word_1_457' title='bbox 1822 2471 1977 2501; x_wconf 82' lang='lat' dir='ltr'>cartulam</span> <span class='ocrx_word' id='word_1_458' title='bbox 2003 2481 2022 2502; x_wconf 86' lang='lat' dir='ltr'>a</span> <span class='ocrx_word' id='word_1_459' title='bbox 2043 2481 2094 2502; x_wconf 87' lang='lat' dir='ltr'>me</span> <span class='ocrx_word' id='word_1_460' title='bbox 2114 2477 2255 2511; x_wconf 81' lang='lat' dir='ltr'>rogatam</span> 
     </span>
     <span class='ocr_line' id='line_1_62' title="bbox 1294 2525 1678 2564; baseline -0.003 -9"><span class='ocrx_word' id='word_1_461' title='bbox 1294 2526 1405 2555; x_wconf 86' lang='lat' dir='ltr'>scribsi</span> <span class='ocrx_word' id='word_1_462' title='bbox 1421 2525 1524 2564; x_wconf 89' lang='lat' dir='ltr'>adque</span> <span class='ocrx_word' id='word_1_463' title='bbox 1541 2525 1678 2554; x_wconf 86' lang='lat' dir='ltr'>firmavi.</span> 
     </span>
    </p>
   </div>
   <div class='ocr_carea' id='block_1_8' title="bbox 1336 2638 2256 2776">
    <p class='ocr_par' dir='ltr' id='par_1_11' title="bbox 1336 2638 2256 2776">
     <span class='ocr_line' id='line_1_63' title="bbox 1743 2638 1771 2667; baseline 0.036 -1"><span class='ocrx_word' id='word_1_464' title='bbox 1743 2638 1771 2667; x_wconf 71' lang='lat'>⁶2.</span> 
     </span>
     <span class='ocr_line' id='line_1_64' title="bbox 1336 2737 2256 2776; baseline 0.001 -10"><span class='ocrx_word' id='word_1_465' title='bbox 1336 2737 1428 2767; x_wconf 92' lang='lat' dir='ltr'>Otto¹</span> <span class='ocrx_word' id='word_1_466' title='bbox 1447 2743 1578 2776; x_wconf 83' lang='lat' dir='ltr'>quartus</span> <span class='ocrx_word' id='word_1_467' title='bbox 1603 2738 1658 2767; x_wconf 86' lang='lat' dir='ltr'>Dei</span> <span class='ocrx_word' id='word_1_468' title='bbox 1677 2738 1777 2775; x_wconf 69' lang='lat' dir='ltr'>gratia</span> <span class='ocrx_word' id='word_1_469' title='bbox 1796 2738 2014 2767; x_wconf 87' lang='lat' dir='ltr'>Romanorum</span> <span class='ocrx_word' id='word_1_470' title='bbox 2035 2738 2205 2776; x_wconf 87' lang='lat' dir='ltr'>imperator</span> <span class='ocrx_word' id='word_1_471' title='bbox 2226 2741 2256 2767; x_wconf 86' lang='lat' dir='ltr'>et</span> 
     </span>
    </p>
   </div>
   <div class='ocr_carea' id='block_1_9' title="bbox 1260 2909 2256 2993">
    <p class='ocr_par' dir='ltr' id='par_1_12' title="bbox 1260 2909 2256 2993">
     <span class='ocr_line' id='line_1_65' title="bbox 1296 2909 2256 2940; baseline 0 -5"><span class='ocrx_word' id='word_1_472' title='bbox 1296 2910 1318 2936; x_wconf 84' lang='lat' dir='ltr'>l.</span> <span class='ocrx_word' id='word_1_473' title='bbox 1336 2909 1410 2935; x_wconf 83' lang='lat' dir='ltr'>Isola</span> <span class='ocrx_word' id='word_1_474' title='bbox 1427 2909 1558 2940; x_wconf 78' lang='lat' dir='ltr'>Farnese,</span> <span class='ocrx_word' id='word_1_475' title='bbox 1573 2911 1585 2935; x_wconf 76' lang='grc' dir='ltr'>’ἶ</span> <span class='ocrx_word' id='word_1_476' title='bbox 1598 2910 1714 2936; x_wconf 82' lang='lat' dir='ltr'>octobre</span> <span class='ocrx_word' id='word_1_477' title='bbox 1733 2910 1806 2936; x_wconf 67' lang='lat'>1209.</span> <span class='ocrx_word' id='word_1_478' title='bbox 1822 2909 1998 2940; x_wconf 82' lang='lat' dir='ltr'>—Tlieiner,</span> <span class='ocrx_word' id='word_1_479' title='bbox 2013 2916 2043 2935; x_wconf 89' lang='lat' dir='ltr'>n⁰</span> <span class='ocrx_word' id='word_1_480' title='bbox 2053 2910 2102 2940; x_wconf 79' lang='lat'>55;</span> <span class='ocrx_word' id='word_1_481' title='bbox 2118 2909 2256 2936; x_wconf 75' lang='lat' dir='ltr'>Bohrnor-</span> 
     </span>
     <span class='ocr_line' id='line_1_66' title="bbox 1260 2957 2256 2993; baseline 0.001 -10"><span class='ocrx_word' id='word_1_482' title='bbox 1260 2957 1376 2987; x_wconf 72' lang='lat' dir='ltr'>Ficker,</span> <span class='ocrx_word' id='word_1_483' title='bbox 1395 2964 1423 2983; x_wconf 82' lang='lat'>110</span> <span class='ocrx_word' id='word_1_484' title='bbox 1439 2958 1499 2985; x_wconf 82' lang='lat'>304.</span> <span class='ocrx_word' id='word_1_485' title='bbox 1521 2972 1556 2978; x_wconf 99' lang='lat'><strong>—</strong></span> <span class='ocrx_word' id='word_1_486' title='bbox 1575 2958 1757 2992; x_wconf 78' lang='lat' dir='ltr'>L&#39;empereur</span> <span class='ocrx_word' id='word_1_487' title='bbox 1772 2958 1858 2985; x_wconf 83' lang='lat' dir='ltr'>Otton</span> <span class='ocrx_word' id='word_1_488' title='bbox 1875 2958 1916 2984; x_wconf 92' lang='lat' dir='ltr'>IV</span> <span class='ocrx_word' id='word_1_489' title='bbox 1933 2958 2020 2993; x_wconf 84' lang='lat' dir='ltr'>prend</span> <span class='ocrx_word' id='word_1_490' title='bbox 2037 2959 2062 2984; x_wconf 91' lang='lat' dir='ltr'>la</span> <span class='ocrx_word' id='word_1_491' title='bbox 2078 2958 2172 2985; x_wconf 79' lang='lat' dir='ltr'>Massa</span> <span class='ocrx_word' id='word_1_492' title='bbox 2187 2958 2256 2985; x_wconf 89' lang='lat' dir='ltr'>Tra-</span> 
     </span>
    </p>
   </div>
   <div class='ocr_carea' id='block_1_10' title="bbox 1258 3006 1935 3041">
    <p class='ocr_par' dir='ltr' id='par_1_13' title="bbox 1258 3006 1935 3041">
     <span class='ocr_line' id='line_1_67' title="bbox 1258 3006 1935 3041; baseline 0 -9"><span class='ocrx_word' id='word_1_493' title='bbox 1258 3006 1334 3032; x_wconf 85' lang='lat' dir='ltr'>baria</span> <span class='ocrx_word' id='word_1_494' title='bbox 1351 3011 1378 3032; x_wconf 87' lang='lat' dir='ltr'>et</span> <span class='ocrx_word' id='word_1_495' title='bbox 1394 3015 1439 3032; x_wconf 84' lang='lat' dir='ltr'>ses</span> <span class='ocrx_word' id='word_1_496' title='bbox 1457 3007 1599 3033; x_wconf 75' lang='lat' dir='ltr'>hubitants</span> <span class='ocrx_word' id='word_1_497' title='bbox 1615 3015 1684 3033; x_wconf 83' lang='lat' dir='ltr'>sous</span> <span class='ocrx_word' id='word_1_498' title='bbox 1701 3015 1753 3033; x_wconf 83' lang='lat' dir='ltr'>son</span> <span class='ocrx_word' id='word_1_499' title='bbox 1771 3011 1935 3041; x_wconf 81' lang='lat' dir='ltr'>patronage.</span> 
     </span>
    </p>
   </div>
  </div>
 </body>
</html>
