2423 3540
191 327 245 356 120
1138 322 1335 352 ALBINUS.

270 392 407 421 Ecclesia
428 391 624 429 regularium
645 392 676 420 in
695 391 839 420 Flalieim
858 400 991 420 aureum
1011 399 1123 420 unum.

228 478 264 507 ΙΝ
279 486 462 507 EPlSCOPATU
480 479 731 506 Ansam-ixcx&

269 543 497 572 Monasterium
518 552 561 572 ss.
584 542 722 580 Philippi
742 547 771 570 et
795 543 906 571 Jacobi
932 542 964 570 in
993 541 1081 571 Silva
1102 550 1191 570 sacra

308 605 314 624 1
333 596 585 625 morabntinuin.

268 650 495 678 Mon-asterium
514 649 725 678 monialium¹
745 650 778 678 in
802 648 924 678 Andala
943 648 1070 677 subtilis
1091 648 1190 686 panni

306 701 380 730 linei
398 701 520 730 ulnas².

267 755 496 783 Monasteriuni
518 755 600 793 quod
621 755 742 784 dicitur
769 755 980 792 Bugeshoven
1006 764 1013 783 1
1041 755 1189 784 morabu-

307 811 420 836 tinum.

226 893 259 921 IN
277 901 460 922 EPISCOPATU
484 894 669 922 BAsltAENSi.

266 958 406 987 Ecclesia
422 968 445 986 s.
469 959 552 987 Petri
571 968 578 987 1
598 959 847 989 morahntinum.

265 1010 404 1040 Ecclesia
422 1011 666 1048 Remorigensis
683 1021 690 1040 1
709 1018 868 1041 monetam
886 1013 968 1041 auri.

266 1064 496 1093 Mouasterium
516 1073 541 1092 s.
562 1064 724 1093 Vincentii
742 1074 750 1093 1
770 1065 1023 1094 inorabutinum.

226 1149 261 1179 IN
280 1158 465 1179 EPiscomTu
481 1150 750 1180 CoNsTAN‘riensiy

264 1217 495 1247 Monasterium
516 1218 660 1247 Burense
680 1228 687 1247 1
706 1219 959 1248 morabutinum.

263 1270 300 1298 de
314 1269 418 1299 alodio
433 1271 488 1308 qni
501 1276 628 1300 vocatur
638 1271 723 1300 Cella
741 1281 765 1301 s.
787 1272 892 1310 Ptetri)
910 1281 918 1301 1
936 1272 1187 1302 moi-abutinum.

264 1323 496 1353 Monasterium
516 1324 723 1362 Wibelingen
743 1334 750 1353 1
769 1325 1019 1355 moraliutinnm.

265 1376 434 1406 Monasteri
444 1386 496 1406 um
515 1377 669 1406 Blaburra
687 1388 694 1406 1
715 1379 964 1408 moi-abutinum.

263 1428 495 1458 Monasterium
512 1430 689 1459 Zueueltun
708 1440 716 1459 1
734 1431 986 1460 morabutinum.

263 1480 403 1510 Ecclesia
420 1482 453 1510 in
473 1483 552 1511 llota
574 1484 813 1512 moi-abutinum
834 1493 854 1512 ι.

264 1534 496 1563 Monasterium
518 1535 549 1563 in
572 1535 736 1573 Bregance
755 1537 995 1565 morabntinum
1013 1546 1033 1566 1.

262 1587 492 1617 Monasterium
518 1589 550 1617 in
576 1589 669 1618 Isnin
695 1599 737 1618 xn
762 1589 912 1619 denarios
941 1590 1188 1620 constantiensis

303 1645 438 1670 monete.

261 1694 494 1723 Monasterium
514 1694 547 1723 in
568 1695 719 1732 Wingart
737 1695 978 1725 moi-abutinum
997 1705 1017 1725 1.

262 1747 403 1776 Ecclesia
418 1747 451 1776 in
471 1749 582 1785 Augea
599 1757 694 1786 parva
713 1749 952 1778 morabutinum
971 1758 990 1778 1.

262 1800 495 1829 Monasterium
524 1802 556 1829 in
587 1801 793 1831 Suarcwalde
819 1811 843 1830 s.
876 1801 1005 1839 Georgii
1038 1802 1187 1831 morabu-

302 1853 406 1882 tinum
425 1863 445 1883 i.

261 1906 300 1935 de
315 1906 433 1936 allodio
452 1907 506 1945 qui
520 1912 650 1937 vocatur
667 1908 846 1937 Asnelieim
865 1917 872 1937 1
892 1909 1146 1938 morabutinum.

262 1959 403 1988 Ecclesia
419 1969 443 1988 s.
465 1960 627 1989 Benedicti
644 1970 651 1989 1
670 1961 923 1990 moi-abutinum.

264 2011 402 2041 Ecclesia
418 2022 442 2043 s.
462 2013 592 2042 Martini
609 2013 647 2042 de
666 2014 769 2043 Burro
785 2023 792 2042 1
812 2014 1065 2044 morabutinum.

264 2064 403 2094 Ecclesia
419 2075 443 2095 s.
464 2066 563 2095 Mai-ie
581 2066 612 2094 in
631 2066 699 2104 ripa
726 2066 871 2095 fluminis
897 2067 1040 2096 Danubii
1058 2077 1066 2096 1
1083 2076 1187 2097 mora-

304 2118 464 2147 butinum.

263 2171 400 2200 Ecclesia
416 2171 454 2200 de
472 2172 578 2200 Monte.
596 2171 776 2209 Anglorum
798 2182 805 2201 1
826 2177 987 2202 monetam
1006 2173 1088 2203 auri.

262 2224 493 2254 Monasterium
514 2225 642 2263 Angue)
662 2235 682 2254 11
701 2234 797 2263 equos
816 2225 915 2262 albos,
934 2230 1052 2255 textum
1068 2226 1185 2265 episto-

301 2277 404 2306 larum
422 2280 451 2307 et
469 2282 753 2307 sacramentorum.

264 2330 490 2360 Monasterium
509 2331 541 2359 in
560 2330 757 2369 Alpersbach
777 2340 785 2359 1
804 2331 1057 2361 morahutinnm.

261 2383 347 2412 Cella
363 2392 387 2411 s.
410 2383 511 2412 Marie
527 2383 639 2412 stolam
655 2384 793 2421 singulis
810 2384 964 2414 bienniis.

262 2437 493 2466 Monasterium
514 2446 538 2466 s.
559 2437 658 2466 Blasii
676 2438 917 2467 morabutinum
935 2448 954 2467 1.

264 2490 492 2519 Monasterium
510 2490 687 2520 Scalliusen
708 2500 715 2519 1
735 2491 862 2520 unciam
880 2491 963 2521 auri.

263 2544 491 2573 Monasterium
512 2544 546 2572 in
567 2545 656 2574 Mure
672 2554 807 2574 aureum
825 2555 845 2574 1.

223 2631 258 2659 IN
278 2639 460 2661 EPlSCOPATU
483 2633 506 2660 Α
514 2641 730 2661 LBESTATENSI.

262 2698 430 2726 Abbatissa
447 2698 484 2727 de
500 2698 800 2736 Quintilingiburgo
820 2708 826 2727 1
847 2698 960 2728 libram
976 2699 1112 2736 argenti.

264 2750 494 2779 Monasterium
510 2760 533 2780 s.
554 2751 668 2780 [lii-iaci
687 2761 694 2780 1
713 2760 851 2780 marcam
870 2751 1005 2789 argenti.

221 2940 243 2966 l.
261 2941 322 2967 ΕΘΛ.
341 2941 523 2968 monsalium.

217 2988 242 3014 2².
261 2991 298 3016 Le
314 2989 410 3015 chiffl-e
427 2993 470 3015 est
487 2990 581 3015 oublie
600 3000 604 3015 :
623 2993 694 3017 c'est
710 2990 798 3016 XXV
819 2991 962 3023 (Oeneius,
981 3000 1007 3026 Ι).
1030 2992 1076 3018 158
1093 2992 1129 3022 b).

1314 389 1349 418 IN
1368 398 1552 420 EPISCOPATU
1571 392 1787 420 Aeeus‘rexsi.

1354 455 1585 484 Mouasteriuni
1602 466 1626 485 s.
1645 455 1787 485 Odalrici
1805 465 1813 485 1
1833 457 2087 488 morahutinum.

1354 507 1493 536 Ecclesia
1513 517 1537 536 s.
1559 508 1659 537 Mai-ie
1675 508 1714 537 de
1733 508 1929 538 Rettinbhuc
1945 509 2049 538 albam
2069 514 2099 539 et
2116 509 2240 539 stolam.

1354 560 1492 589 Ecclesia
1511 561 1543 589 in
1562 561 1656 590 Dieze
1677 561 1915 590 morabutinum
1934 571 1955 590 1.

1356 613 1494 642 Ecclesia
1510 614 1543 642 in
1563 614 1733 643 Pei-enrith
1752 614 1857 644 albam
1878 620 1907 644 et
1929 615 2084 645 amictum
2111 625 2164 653 per
2188 615 2280 645 bien-

1395 667 1496 695 nium.

1353 719 1493 748 Ecclesia
1512 719 1544 748 in
1565 719 1775 749 Rockenburc
1792 720 2034 750 moi-abutinum
2053 730 2072 750 1.

1353 770 1493 800 Ecclesia
1510 781 1534 800 s.
1555 772 1666 801 Crucis
1683 773 1923 802 morabatinum
1942 783 1963 803 1.

1353 824 1582 853 Monasterium
1608 834 1632 853 s.
1659 825 1791 854 Martini
1817 826 1854 855 de
1878 826 1976 855 Ihsan
1997 835 2004 854 1
2026 826 2278 856 morabutinum.

1352 877 1582 906 Monasterium
1594 887 1618 906 s.
1629 878 1790 907 Johannis
1800 879 1837 908 de
1848 878 1989 916 Stangau
2003 889 2011 908 1
2025 879 2278 908 morabutinum.

1353 930 1584 959 Mouasterium
1604 931 1635 959 iu
1654 933 1764 960 Ausen
1783 932 2024 961 morabutinum
2045 941 2065 961 1.

1353 983 1584 1012 Monasterium
1602 984 1635 1012 in
1657 984 1797 1013 Werdhe
1815 985 2057 1014 morabutinum
2075 995 2095 1014 1.

1352 1037 1582 1066 Monasterium
1601 1037 1635 1066 in
1655 1038 1870 1067 Neruesheim
1889 1039 2130 1067 morabatinum
2148 1048 2170 1068 1.

1353 1090 1583 1119 Monasterium
1603 1091 1634 1119 in
1655 1091 1765 1120 Lorica
1783 1091 2023 1120 morabutinum
2038 1100 2060 1120 1.

1353 1142 1587 1172 Monasterium
1606 1144 1637 1172 in
1663 1143 1968 1173 Elzenchenbrunen
1990 1153 2031 1173 xu
2052 1144 2202 1174 denarios
2221 1153 2278 1174 au-

1390 1197 1552 1232 gustensis
1572 1200 1710 1225 monete.

1312 1268 1347 1297 IN
1365 1276 1550 1298 EPISCOPATU
1571 1270 1781 1299 Mamvmnsx.

1312 1400 1348 1429 IN
1364 1409 1551 1430 EPISCOPATU
1569 1401 1732 1431 Comi-usi.

1353 1467 1583 1496 Monasterium
1601 1477 1625 1497 s.
1645 1468 1745 1497 Mai-ie
1761 1468 1795 1497 in
1814 1468 1924 1497 Monte
1942 1478 1950 1497 1
1965 1469 2218 1498 moi-abutinum.

1311 1540 1347 1569 ΙΝ
1362 1549 1550 1570 ΕΡῐεοοΡΑΤυ
1567 1542 1780 1570 AUGUSTENSI.

1353 1606 1603 1636 Monasterium¹
1622 1616 1646 1636 s.
1664 1607 1819 1636 Martinii
1838 1608 2091 1637 moi-abutinum.

1351 1658 1492 1689 Ecclesia
1517 1669 1541 1688 s.
1572 1660 1773 1699 Aug(ustiui)
1800 1661 1838 1690 de
1862 1661 2071 1691 Riccomborc
2093 1671 2102 1691 1
2127 1661 2278 1691 morabu-

1392 1717 1510 1744 tinum.

1350 1765 1490 1795 Ecclesia
1507 1775 1531 1795 s.
1548 1766 1710 1796 Johannis
1735 1767 1874 1805 Baptiste
1896 1768 1935 1797 de
1954 1768 2117 1806 staengan
2140 1778 2148 1797 1
2171 1777 2276 1798 mora-

1391 1818 1552 1847 butiuum.

1311 1892 1346 1921 ΙΝ
1363 1900 1548 1922 EPISCOPATU
1568 1893 1738 1922 PnAGansi.

1351 1958 1492 1987 Ecclesia
1515 1968 1539 1987 s.
1567 1959 1652 1988 Petri
1677 1959 1710 1987 in
1739 1959 1910 1996 wisgrade
1935 1969 1975 1988 xri
2003 1968 2126 1989 marcas
2153 1960 2278 1998 argenti

1390 2012 1573 2041 annuatim.

1311 2085 1346 2115 IN
1365 2094 1550 2115 amseopmu
1571 2086 1805 2115 VESPnEstENSL

1351 2152 1491 2182 Ecclesia
1508 2162 1532 2182 s.
1551 2153 1704 2191 Stephani
1727 2153 1810 2191 regis
1829 2153 1912 2192 apud
1930 2158 2068 2184 castrum
2093 2154 2278 2193 Bellegrave

1391 2215 1399 2234 1
1419 2214 1559 2235 marcam
1576 2207 1646 2235 auri
1667 2215 1720 2245 pro
1737 2215 1932 2245 unoquoque
1950 2216 2049 2236 anno.

1310 2280 1347 2309 IN
1364 2289 1551 2310 EPISCOPATU
1569 2280 1861 2310 BAssssssnssunoansi.

1352 2346 1522 2385 Episcopus
1542 2346 1732 2385 palafridum
1752 2347 1862 2376 album
1878 2356 1933 2386 pro
1952 2347 2030 2377 sella
2049 2347 2174 2377 domini
2197 2356 2275 2387 pape

1391 2399 1439 2428 vel
1457 2409 1499 2428 xn
1518 2409 1640 2429 marcas
1657 2400 1733 2430 boni
1750 2401 1885 2438 argenti.

1350 2452 1583 2482 Monasieuum
1605 2453 1758 2483 Winzine
1777 2463 1784 2482 1
1801 2462 1948 2484 aureum.

1308 2525 1344 2555 IN
1360 2534 1546 2556 EPISCOPATU
1563 2526 1751 2556 FRISIGENSI.

1350 2592 1582 2621 Monasterium
1601 2593 1740 2622 Rotense
1758 2602 1765 2621 1
1784 2593 2037 2622 morabutinum.

1350 2645 1581 2674 Monasterium
1596 2645 1812 2683 apostolorum
1830 2645 1970 2684 Philippi
1987 2649 2016 2674 et
2030 2645 2142 2675 Jacobi
2155 2645 2187 2674 in
2203 2654 2275 2684 pre-

1388 2698 1439 2726 dio
1454 2697 1612 2735 Puriberg
1627 2697 1766 2735 singulis
1784 2698 1935 2727 trienniis
1950 2699 2055 2727 albam
2064 2707 2137 2728 cum
2156 2699 2274 2728 amictu

1389 2750 1517 2791 basilice
1533 2760 1558 2780 s.
1578 2751 1742 2780 Laurentii
1763 2751 1986 2780 Late1·anensis
2005 2751 2110 2780 debet.

1307 2941 1330 2969 1.
1344 2940 1399 2967 Ces
1415 2941 1647 2969 etabtissements
1664 2942 1895 2977 augsbourgeois
1910 2947 1960 2969 ont
1977 2943 2040 2976 deja
2057 2943 2148 2977 figure
2162 2942 2233 2968 dans
2250 2942 2274 2968 la

1269 2990 1333 3017 liste
1349 2990 1508 3017 ci-dessus.
1527 2990 1651 3018 Cencius
1667 2991 1746 3018 aussi
1766 2999 1803 3026 η).
1824 2992 1872 3018 178
1890 2993 1912 3022 b)
1932 2992 1974 3018 les
1989 3001 2004 3018 a
2022 3000 2055 3018 en
2073 2991 2187 3018 double.
