2455 3560
71 412 217 439 Pelracius
231 411 398 439 Gislandus.

68 461 252 496 Bergondius
266 461 414 487 Rondana.

68 510 224 537 Lali-ancus
239 509 392 536 Tonaldus.

69 558 254 584 Bertliolinus
272 556 427 583 Vulzanus.

68 607 193 634 Rufinus
209 607 243 633 de
259 606 375 633 stabile.

67 655 219 682 Nicolinus
235 655 406 689 Bagarotus.

68 705 242 739 Aymericus
255 703 389 730 Caxolus.

67 753 188 788 Egidius
203 752 322 779 Crosus.

67 801 286 828 Carnelevarius
300 801 467 835 Cupalatus.

66 850 239 876 Tbomasius
255 849 403 877 Bondana.

67 898 238 925 Fredericus
253 899 288 924 de
304 899 329 925 la
346 899 484 925 Rocheta.

66 947 215 974 «Iohannes
232 947 397 974 Palmanus.

66 996 244 1023 Albertonus
260 996 294 1022 de
310 996 460 1022 Addamis.

66 1045 237 1073 Guillelmus
253 1045 287 1071 de
303 1045 485 1073 Fornicibus.

66 1095 199 1121 Rebusus
215 1094 249 1120 de
265 1093 395 1120 Rebufis.

65 1143 215 1170 Johannes
230 1143 391 1178 Codepons.

66 1191 195 1218 Jacobus
209 1192 244 1218 de
258 1191 411 1226 Magnano.

66 1240 215 1267 Johannes
228 1240 436 1274 Trespadinus.

67 1288 234 1315 Mansredus
250 1287 374 1315 Surdus.

66 1337 191 1364 Obertus
206 1337 240 1363 de
256 1336 400 1372 Pasquali.

67 1386 188 1413 Michael
205 1385 348 1421 capellus.

67 1434 209 1461 Martinus
225 1435 260 1461 de
276 1435 387 1462 Musso.

68 1484 171 1510 Petrus
189 1483 357 1511 Farixellus.

68 1532 232 1559 Bel-nardus
249 1533 284 1559 de
301 1533 453 1560 Mallonso.

67 1580 193 1608 Obertus
209 1581 342 1608 Malam-ia
355 1581 542 1609 calderarius.

66 1629 216 1656 ,Iohannes
231 1630 265 1655 de
282 1630 466 1657 Alexandria.

67 1679 214 1706 Gorardus
223 1678 361 1705 Rondana
370 1679 540 1714 special-ius.

65 1726 193 1754 «Iacobus
209 1727 243 1753 de
259 1726 357 1754 Olcoe.

68 1775 172 1802 Petrus
186 1775 391 1801 Transilerius.

66 1823 214 1850 Johannes
230 1823 425 1850 Malauricula.

66 1873 192 1900 Rufinus
209 1872 348 1900 Marurus.

66 1922 201 1956 Paganus
214 1921 249 1948 de
264 1921 430 1956 Complano.

65 1971 193 1997 Jacobus
208 1970 242 1996 de
259 1969 382 2004 Ugiano.

66 2019 276 2047 vicedominus
292 2019 327 2046 de
343 2020 458 2046 Amico.

65 2069 242 2096 Antoniolus
258 2067 364 2094 Pictor.

66 2117 226 2145 Grimerius
242 2116 277 2142 de
291 2116 383 2143 Tima.

66 2166 175 2192 Paulus
193 2164 409 2192 VicedominuS.

66 2214 257 2250 Raymundus
273 2213 419 2240 Rebocus.

66 2263 225 2290 Andriolus
246 2262 281 2288 de
302 2261 400 2289 Monte
421 2261 543 2297 Bixago.

68 2312 239 2339 Guillelmus
254 2311 387 2337 Rubeus.

67 2360 216 2387 Johaunes
232 2359 390 2386 Macoldus.

67 2409 225 2436 Obertinus
241 2407 343 2435 Gatus.

66 2457 172 2484 Petrus
184 2457 380 2491 Castignolus.

66 2506 206 2533 Nicolaus
221 2505 359 2532 Malatria.

67 2554 212 2582 Gerardus
227 2554 366 2581 Malatria.

67 2603 193 2630 Obertus
208 2603 243 2629 de
258 2604 355 2630 Porta.

67 2651 194 2678 Obertus
210 2652 391 2679 Antinulsus.

67 2700 188 2727 Cavalca
203 2700 350 2735 Cupalata.

67 2749 172 2775 Petrus
189 2748 288 2775 Bonus
303 2748 437 2776 Oliarius.

67 2797 242 2824 Franciscus
257 2797 292 2824 de
308 2798 420 2825 Ronco.

67 2844 129 2872 Odo
147 2844 310 2873 Palmanus.

67 2893 225 2920 Obertinus
241 2894 275 2920 de
291 2893 423 2922 Pontino.

68 2941 202 2968 Petrinus
220 2941 385 2970 Bai-berius.

68 2989 199 3025 Filippus
216 2990 380 3018 Palmanus.

615 346 665 375 LE
689 347 832 377 LIBER
856 347 1089 378 CENSUUM
1114 348 1168 377 DE
1192 344 1378 378 L'EGLISE
1403 350 1611 379 ROMAINE.

598 411 726 439 Jacobus
742 413 776 438 de
793 413 898 439 Benzo.

598 462 724 489 Obertus
739 462 773 488 de
789 462 884 489 Costa.

600 510 772 537 Franciscus
788 511 822 537 de
838 511 976 537 Ecclesia.

599 559 772 586 Laurentius
787 559 822 585 dc
846 559 941 585 Monte
957 558 1074 585 Sancto.

600 608 746 634 Robertus
762 608 938 641 Auguxolla.

599 656 788 691 Raymundus
804 656 926 691 chius.

599 705 755 732 Lafrancus
774 705 943 739 Bagai-otus.

597 754 724 780 obertus
739 754 773 780 de
789 753 900 788 Cogno.

598 802 723 830 Obcrtus
741 803 932 829 Marcellinus.

600 851 703 878 Petrus
719 851 884 885 Pegolotus.

598 899 770 926 Guillelmus
785 900 820 926 de
838 899 950 926 Parma.

597 948 746 974 Johannes
763 948 1001 975 Guastalanezus.

598 997 738 1024 Galucius
752 997 787 1023 de
804 996 960 1031 Fulgoeiis.

598 1045 776 1072 Laurencius
792 1045 826 1071 do
844 1045 1024 1079 Rustigaxio.

598 1094 734 1121 Albricus
751 1094 910 1120 Coxadoca.

598 1142 745 1169 Gerardus
761 1143 796 1169 de
809 1143 956 1169 CurtibuS.

597 1191 771 1218 Thomasius
786 1192 960 1218 Mancasola.

598 1240 744 1274 Roget-ius
757 1240 791 1266 de
807 1239 932 1275 Ripalta.

597 1289 686 1324 Josep
702 1289 736 1315 de
753 1289 932 1316 Fornicibus.

597 1338 747 1365 Johannes
763 1338 798 1364 de
813 1337 912 1364 Puteo.

598 1386 686 1422 Opizo
703 1387 862 1413 Ferrarius.

598 1435 773 1462 Franciscus
789 1435 905 1462 Millius.

598 1485 770 1512 Guillelmus
786 1484 955 1512 Letal'arina.

596 1532 746 1559 Johannes
762 1532 923 1559 Coxadoca.

597 1581 770 1608 Franciscus
786 1582 820 1607 de
835 1582 966 1608 Telloris.

597 1630 717 1656 Michael
735 1629 954 1658 vicedominus.

597 1678 756 1713 Gregorius
776 1678 996 1706 vicedominus.

597 1727 746 1754 Johannes
762 1726 890 1754 Belotus.

596 1775 725 1802 Jacobus
741 1776 905 1802 Mareucus.

598 1824 730 1851 Luriotus
747 1825 782 1851 de
797 1824 929 1853 casellis.

597 1873 754 1902 Obertinus
770 1873 805 1899 de
821 1873 989 1901 Noveliano.

597 1922 756 1949 Jacobinus
772 1922 806 1948 de
824 1922 992 1950 Sarturano.

598 1970 826 2006 Raymundellus
842 1971 876 1997 de
892 1970 998 1999 Casuli.

597 2019 725 2046 Jacobus
741 2019 869 2047 Mazolla.

598 2067 754 2095 Obertinus
768 2068 803 2094 de
818 2068 917 2096 Podio.

597 2116 746 2143 ,Iohannes
762 2117 797 2142 de
814 2116 990 2144 Comunalia.

599 2165 778 2192 Rubertinus
796 2165 970 2193 Sicamilica.

600 2213 703 2240 Petrus
717 2213 751 2239 de
767 2213 944 2241 Comunalia.

598 2262 754 2289 Obertinus
769 2263 804 2288 de
822 2263 970 2290 Roncalia.

597 2311 746 2338 Johannes
761 2311 796 2338 de
813 2312 909 2338 Monte
923 2312 1075 2341 Doudono.

598 2360 757 2387 Rollandus
772 2360 807 2386 de
823 2361 968 2395 Gropallo.

599 2409 729 2444 Filippus
743 2409 908 2436 Gastaldus.

598 2457 788 2485 Benvenutus
803 2458 838 2484 de
854 2458 998 2486 Bubiano.

597 2506 726 2533 Jacobus
741 2505 776 2532 de
793 2506 987 2534 Pontremu10.

599 2555 743 2582 Fachinus
759 2555 916 2582 Clavarius.

598 2604 746 2631 Johannes
762 2604 956 2632 Lecacornus.

599 2653 746 2679 Armanus
761 2653 796 2679 de
813 2653 964 2688 Vigolene.

598 2701 722 2728 Janinus
737 2701 772 2728 de
788 2701 938 2728 Zoneutis.

598 2750 751 2777 Tomasius
765 2750 928 2778 Contarius.

599 2798 725 2826 Obertus
740 2799 775 2826 de
792 2799 944 2827 Lazarelle.

597 2847 772 2875 Thomasius
787 2848 822 2874 de
838 2849 958 2883 Argiue.

599 2896 724 2924 Obertus
740 2896 904 2924 Gambecia.

599 2944 748 2971 Johannes
763 2945 798 2971 de
814 2945 994 2975 Corneliano.

600 2993 760 3028 Gregorius
774 2993 918 3028 paganus.

1157 413 1309 441 Tomasius
1323 414 1479 442 Tol-sellus.

1156 461 1283 488 Jacobus
1300 463 1333 489 de
1351 463 1465 490 Casino.

1158 510 1309 537 Graciolus
1326 511 1464 538 Bonotus.

1158 559 1303 585 Gerardus
1333 561 1455 587 clericus
1484 561 1518 587 de
1546 561 1631 588 Vice-

1193 608 1328 635 dominis.

1160 656 1263 683 Petrus
1281 656 1416 684 Faxatus.

1159 706 1263 732 Petrus
1279 706 1312 732 de
1330 706 1467 734 Rocheta.

1160 754 1259 780 Daniel
1275 755 1310 780 ‹le
1327 755 1556 789 Gropou'ugariO.

1159 803 1286 829 Jacobus
1304 803 1495 830 Lacacornus.

1158 851 1280 878 Janinus
1298 853 1421 880 Ariana.

1159 900 1325 926 Antoninus
1341 900 1505 935 Gorgonus.

1159 948 1315 975 Lafrancus
1332 949 1395 976 Fer.
1417 950 1450 975 de
1468 949 1563 984 Gropo
1583 949 1634 975 Vi-

1194 997 1420 1024 cedoiuinoruin.

1157 1046 1285 1072 Jacobus
1304 1047 1388 1081 lupa.

1159 1095 1250 1121 Lauza
1268 1095 1340 1121 Rex.

1159 1146 1333 1173 Franciseus
1357 1146 1392 1172 de
1421 1146 1516 1174 Scoiis
1541 1148 1633 1176 miles.

1158 1194 1286 1221 Jacobus
1333 1195 1367 1220 de
1417 1194 1634 1222 Confanoneriis

1195 1244 1288 1269 miles.

1158 1292 1370 1318 Fredenzocius
1386 1292 1520 1326 Poysius.

1158 1341 1332 1368 Franciscus
1348 1341 1540 1367 Malcalzatus.

1158 1390 1290 1416 Andreas
1306 1390 1340 1416 de
1355 1389 1461 1418 Cornu.

1158 1439 1331 1465 Franciscus
1348 1439 1514 1473 Aginonus.

1157 1490 1263 1516 Petrus
1277 1488 1469 1514 Masei-ucius.

1158 1537 1301 1563 Castellus
1317 1537 1351 1562 de
1368 1536 1465 1563 But-la.

1157 1585 1289 1612 Janonus
1305 1585 1436 1620 Raynus.

1158 1635 1294 1661 Albi-icus
1308 1634 1343 1660 de
1358 1634 1453 1660 Porta.

1158 1683 1295 1710 Aldricus
1309 1683 1344 1709 de
1363 1682 1454 1710 Prata.

1157 1732 1285 1758 Jacobus
1301 1732 1335 1757 de
1354 1731 1468 1757 Vidore.

1158 1780 1245 1815 Opizo
1262 1780 1384 1806 Vilanus
1399 1779 1433 1806 de
1450 1779 1545 1806 Porta.

1157 1829 1285 1856 ,Iacobus
1303 1828 1422 1855 Balbus.

1159 1878 1321 1904 Rollandus
1337 1877 1371 1903 de
1388 1877 1510 1912 Ripalta.

1159 1927 1336 1953 Albertonus
1353 1925 1488 1953 Ollarius.

1158 1975 1343 2002 Albertacius
1359 1976 1493 2010 Poysius.

1159 2024 1332 2050 Franciscus
1347 2022 1534 2050 Cantarellus.

1160 2073 1266 2099 Petrus
1283 2072 1458 2099 Bai-aterius.

1159 2121 1351 2156 Raymundus
1366 2121 1401 2147 de
1418 2121 1549 2148 Andicis.

1159 2169 1318 2204 Gregorius
1333 2169 1367 2195 de
1384 2169 1469 2196 Porta
1480 2169 1581 2204 Judex.

1157 2218 1286 2245 Jacobus
1303 2218 1516 2245 Mazaferratus.

1158 2267 1246 2294 Fulco
1264 2266 1397 2301 Bigulus.

1159 2316 1265 2350 Symon
1283 2314 1426 2349 capellus.

1157 2364 1310 2390 Tomasius
1325 2363 1481 2390 Terrenus.

1157 2412 1310 2439 Nicolinus
1323 2411 1357 2437 de
1375 2410 1515 2438 Bubiauo.

1158 2461 1295 2488 Rebecus
1311 2460 1345 2486 de
1362 2459 1456 2487 Porta.

1158 2510 1253 2537 Guido
1269 2509 1303 2536 de
1319 2509 1404 2536 Suzo.

1158 2558 1252 2585 Guido
1267 2558 1300 2584 de
1316 2557 1443 2592 Groppo.

1159 2607 1331 2633 Guillelmus
1346 2605 1467 2633 Bracus.

1157 2655 1317 2681 Jacobinus
1336 2654 1440 2681 Ratus.

1158 2704 1284 2731 Obertus
1299 2703 1467 2730 Fenarolus.

1159 2752 1263 2779 Petrus
1279 2752 1431 2787 Bugiolus.

1157 2801 1307 2828 Johannes
1322 2801 1440 2836 Malpes.

1158 2849 1293 2884 Paganus
1308 2850 1470 2877 Tirixellus.

1158 2898 1307 2925 Johannes
1321 2899 1355 2925 de
1370 2898 1532 2926 Dominico.

1158 2946 1283 2974 Jeninus
1296 2947 1482 2982 Quatrogius.

1159 2995 1284 3022 Obertus
1299 2995 1333 3022 de
1348 2995 1472 3023 Rezano.

1687 418 1790 444 Salvus
1802 418 1964 452 Manginus.

1685 466 1812 492 Jacobus
1828 466 1990 494 Cavallnus.

1687 514 1773 541 Fulco
1788 515 1822 541 de
1838 515 1995 542 l'ecoraria.

1686 564 1824 590 Albertus
1833 564 1867 590 de
1881 566 2010 591 Pomario
2021 565 2158 591 notarius.

1687 611 1859 645 Yidigianus
1876 614 1909 639 de
1927 613 2017 640 Valle.

1686 660 1835 687 Johannes
1849 662 1967 688 Somoza
1978 662 2013 688 de
2027 662 2160 689 Arcellis.

1688 708 1837 735 Nicolinus
1852 710 1887 736 dc
1905 711 2026 745 Ripalta.

1686 756 1866 784 Mascarinus
1882 759 1916 785 de
1932 760 2070 787 Mascaro.

1686 805 1833 833 Juliannes
1850 807 2042 836 Prevedonus.

1690 853 1819 881 villanus
1831 855 1864 881 de
1876 856 1984 883 lancha.

1690 902 1791 929 I'ctrus
1806 904 1840 929 de
1856 905 1980 933 Acen-bo.

1690 950 1792 978 Petrus
1807 954 1939 980 Oliarius.

1688 1000 1829 1027 Zerhinus
1845 1002 2000 1030 Conl'ettor.

1689 1048 1776 1084 Delay
1793 1050 1996 1079 Marc-scamus.

1690 1097 1792 1124 Petrus
1808 1098 1975 1126 Monachus.

1690 1146 1861 1174 Franciscus
1876 1148 1910 1174 de
1928 1150 2090 1176 Ancarano.

1688 1195 1815 1222 Johanes
1829 1197 1980 1224 Soldanus.

1689 1244 1847 1278 Gregorius
1861 1246 1894 1272 de
1911 1247 2042 1274 Parente.

1689 1293 1855 1328 Ray-ualdus
1871 1294 2034 1323 Lanzulsus.

1688 1342 1836 1369 «Iohannes
1851 1343 1886 1370 de
1901 1344 2041 1371 Travano.

1688 1392 1827 1418 Albertus
1840 1392 1970 1420 Rubeus.

1688 1440 1838 1467 Johannes
1853 1441 1887 1467 de
1903 1441 2084 1469 Centenario.

1688 1489 1838 1516 Jobannes
1854 1490 1994 1518 Dalfinus.

1690 1538 1794 1565 Petrus
1809 1539 1843 1565 de
1858 1539 1965 1566 Bretio.

1690 1587 1838 1614 Rolandus
1853 1588 1888 1614 de
1904 1588 2031 1616 Olubria.

1690 1633 1793 1660 Petrus
1810 1634 1844 1660 de
1860 1633 2039 1662 Centenario.

1687 1682 1815 1709 Jacobus
1828 1682 1920 1709 Melon
1927 1692 1970 1710 us.

1688 1730 1836 1758 Johannes
1850 1732 2005 1759 Terronus.

1688 1780 1836 1806 Johannes
1852 1781 1886 1806 de
1903 1781 2091 1816 Monteregio.

1689 1828 1835 1855 Gerardus
1851 1829 2009 1856 Ranaxius.

1689 1877 1814 1904 Rufinus
1830 1877 1980 1906 Caroxius.

1688 1926 1837 1954 «Iohannes
1857 1927 1892 1953 de
1912 1927 2008 1954 Monte
2029 1928 2162 1955 Mai-tino.

1688 1975 1813 2003 Rufinus
1829 1976 2005 2003 Moiolarius.

1689 2025 1855 2059 Raynaldus
1874 2025 2037 2052 Barberius.

1689 2073 1837 2108 Nigronus
1854 2074 2016 2102 Bonzanus,

1690 2122 1836 2149 Germ-dus
1850 2123 1884 2149 de
1900 2123 1996 2150 Costa.

1690 2171 1866 2198 Marchixius
1881 2172 2015 2200 Oliarius.

1689 2219 1814 2247 Obertus
1828 2220 1968 2247 Givanus.

1689 2268 1764 2294 Fara
1779 2268 1929 2297 Becarius.

1688 2316 1835 2343 Johannes
1849 2317 1883 2343 de
1897 2317 2008 2344 Otaeio.

1669 2369 1674 2372 '
1689 2365 1854 2392 Manfredus
1869 2365 2023 2402 Campana.

1688 2413 1837 2440 Johannes
1850 2414 1885 2440 de
1900 2414 2022 2442 Corano.

1688 2462 1816 2489 Jacobus
1832 2462 1982 2491 Ferrabos.

1688 2512 1856 2538 Antoninus
1875 2511 2072 2541 Brachifortis.

1689 2560 1820 2587 Olivotus
1835 2560 2009 2588 Mancasola.

1688 2608 1847 2635 Jacobinus
1864 2608 2055 2638 Pettenarius.

1689 2657 1793 2684 Petrus
1809 2657 1843 2683 de
1861 2657 2032 2693 Rivalgario.

1689 2705 1841 2731 Nicolinus
1854 2705 2059 2734 Communalis.

1689 2753 1855 2780 Leonardus
1871 2753 1993 2789 Malpes.

1690 2801 1855 2829 Leonardus
1877 2802 1911 2829 de
1927 2803 2052 2832 Arcellis
2071 2807 2163 2834 miles.

1691 2851 1869 2877 Albertatius
1897 2851 1932 2878 de
1968 2852 2168 2884 Vicedominis

1726 2899 1819 2926 miles.

1690 2948 1838 2975 Johannes
1859 2949 1894 2975 de
1918 2949 2044 2978 Fontana
2062 2953 2166 2986 judex.

1691 2996 1846 3024 Obertinus
1867 2998 1902 3024 de
1923 2999 2046 3027 Arcellis
2063 3003 2165 3036 judex.
