2465 3582
189 353 228 383 76
739 352 787 381 LE
811 352 955 381 LIBER
979 350 1213 381 CENSUUM
1237 351 1292 380 DE
1315 347 1503 381 L'EGLISE
1526 352 1737 382 ROMAINE.

228 419 302 445 inter
319 418 410 444 villam
428 425 508 443 suam
526 416 560 442 de
576 416 720 442 Avinione
735 425 768 442 ac
781 417 873 442 villam
888 421 1013 443 nostram
1027 416 1195 442 Villeneuve

228 468 327 502 gallice
352 470 544 499 nuncupatam
562 474 650 499 super
670 465 790 491 fluvium
809 465 920 491 Rodani
937 466 1045 499 situati,
1064 465 1194 491 videlicet

227 517 261 543 ab
286 518 363 542 exitu
388 515 460 540 dicte
486 514 550 540 ville
571 522 623 540 sue
647 514 855 540 Avinionensis
877 522 969 548 usque
993 514 1026 539 ad
1052 514 1193 548 quandam

227 564 363 599 capellam
389 571 444 597 que
471 571 557 597 supra
585 562 707 588 eundem
741 566 854 596 pontem
880 563 1021 596 situatur,
1048 571 1102 588 una
1127 571 1194 588 cum

226 621 299 647 aqua
321 612 400 637 fluvii
426 616 510 645 atque
534 611 620 636 fundo
642 611 696 636 sub
717 610 816 636 eodem
838 620 853 637 a
875 611 1003 646 predicto
1023 612 1100 637 exitu
1120 611 1195 637 dicte

227 661 292 686 ville
323 660 530 686 Avinionensis
561 667 651 692 usque
677 659 710 684 ad
741 659 845 685 dictam
870 660 1006 693 capellam
1033 659 1192 692 existente,

228 718 281 736 nec
298 718 351 735 non
373 709 399 734 in
423 712 560 741 quantum
579 708 752 734 territorium
770 708 895 734 civitatis
913 708 1120 734 Avinionensis
1137 713 1192 734 tam

224 767 311 792 supra
336 765 420 791 qnam
448 757 519 782 infra
545 760 660 790 pontem
684 764 716 782 se
745 757 876 783 extendit
901 757 1078 783 tantumdem
1104 758 1192 791 spacii

225 808 287 833 sive
312 814 446 832 mensure.
470 805 562 839 ipsius
584 805 695 831 Rodani
713 809 741 831 et
757 809 831 831 terre
851 813 938 840 supra
954 814 1038 840 quam
1057 807 1118 839 ipse
1136 805 1193 831 Ro-

226 855 318 880 danus
332 854 393 879 ssuit
410 862 424 879 a
441 853 520 887 rippa
537 853 629 887 ipsius
646 853 756 878 Rodani
772 862 806 879 ex
826 858 903 887 parte
920 853 1055 879 territorii
1073 853 1194 879 Avinio-

228 903 325 928 nensis
350 901 542 927 mensurando
566 905 703 934 quantum
725 901 854 934 spacium
877 904 921 927 est
943 911 957 926 a
979 906 1058 935 porta
1076 901 1194 927 Avinio-

227 951 307 976 nensi
326 958 417 983 usque
436 949 469 975 ad
484 949 620 983 capellam
643 949 799 983 predictam
817 949 909 983 ipsius
926 949 1037 984 pontis,
1058 950 1193 983 omnique

221 999 407 1033 juridictione
425 1001 452 1023 et
465 998 593 1031 justicia.
612 998 675 1028 alta,
694 998 788 1023 media
808 1002 836 1023 et
852 998 946 1029 bassa,
965 1006 1042 1023 mero
1059 998 1148 1024 eciam
1166 1002 1194 1024 et

225 1047 314 1073 mixto
335 1047 462 1080 imperio,
487 1050 597 1071 resorto
620 1049 648 1071 et
668 1046 870 1080 superioritate
891 1046 1054 1072 omnimoda
1071 1047 1192 1080 aliisque

221 1096 337 1129 juribus
364 1095 507 1120 universis
525 1099 554 1120 et
577 1095 702 1128 singulis
725 1102 780 1128 que
804 1095 831 1120 in
859 1095 920 1128 ipsa
946 1099 1024 1128 parte
1047 1096 1141 1129 pontis
1166 1099 1195 1122 et

224 1144 303 1169 fluvii
317 1148 371 1169 tam
385 1151 435 1177 per
447 1147 551 1168 terram
565 1151 649 1176 quam
667 1151 716 1176 per
731 1151 832 1176 aquam
851 1143 1028 1169 habebamus
1044 1148 1071 1169 ct
1089 1144 1192 1170 habere

225 1196 391 1225 poteramus
414 1196 480 1217 ante
502 1191 595 1217 datam
620 1191 800 1225 presencium
823 1192 992 1224 litterarum,
1013 1192 1145 1217 dedimus
1165 1196 1193 1218 et

224 1239 436 1268 concessimus.
454 1239 557 1265 damus
579 1248 694 1273 quoque
716 1243 744 1264 et
764 1240 951 1265 concedimus
973 1248 1022 1273 per
1043 1244 1193 1273 presentes

225 1289 302 1321 regia
324 1288 494 1314 auctoritate
510 1288 545 1313 de
562 1292 659 1313 nostre
677 1287 856 1321 plenitudine
874 1288 1033 1322 potestatis,
1050 1297 1084 1314 ex
1101 1292 1193 1314 certa-

223 1347 279 1372 que
300 1339 425 1363 sciencia
441 1341 469 1362 et
484 1338 580 1370 gracia
597 1338 731 1370 speciali,
757 1337 842 1363 nichil
861 1338 954 1371 juris,
981 1339 1097 1363 resson-ti
1110 1359 1116 1370 ,
1141 1346 1193 1363 su-

224 1387 398 1420 perioritatis
420 1393 470 1411 Seu
489 1385 606 1410 dominii
625 1386 650 1410 in
672 1385 807 1419 predictis
828 1385 942 1419 penitus
959 1386 1116 1412 retinendo.
1136 1386 1193 1411 Da-

224 1442 289 1459 mus
315 1434 402 1465 igitur
434 1433 459 1458 in
492 1433 635 1459 mandatis
664 1438 763 1459 tenore
790 1435 965 1467 presentium
991 1434 1140 1459 carissimo
1165 1438 1193 1459 et

223 1483 295 1507 titleli
314 1482 389 1507 l'ratri
409 1486 505 1507 nostru
523 1481 588 1507 duci
610 1481 813 1513 Andegavensi
833 1482 926 1507 locum
941 1485 1070 1508 nostrum
1084 1483 1192 1508 tenenti

224 1532 249 1555 in
276 1530 404 1563 partibus
425 1529 582 1556 Occitauis.
603 1538 653 1555 uec
675 1537 729 1554 non
749 1530 908 1555 senescallo
927 1535 1024 1556 nostro
1041 1530 1191 1556 Bellicadri

223 1578 264 1603 vel
291 1579 355 1610 ejus
378 1578 470 1603 lucum
495 1578 614 1607 tenenti,
634 1578 796 1611 ceterisque
813 1578 985 1611 justiciariis
1006 1582 1033 1604 et
1049 1579 1192 1604 officiariis

225 1627 330 1651 nostris
355 1626 538 1659 presentibus
561 1630 589 1651 et
612 1626 716 1652 futuris
733 1630 761 1651 et
778 1627 896 1653 cuilibet
914 1627 1083 1659 eorundem,
1099 1629 1192 1661 quati-

223 1683 276 1699 nus
301 1674 459 1708 predictum
483 1682 628 1700 summum
652 1674 814 1708 pontificem
837 1674 987 1709 ipsiusque
1004 1684 1193 1701 successores

222 1723 297 1748 dicta
315 1726 393 1756 parte
409 1723 478 1748 dicti
497 1723 590 1756 pontis
606 1731 670 1748 cmn
683 1723 746 1748 aliis
760 1723 934 1757 supradictis
953 1732 1000 1757 per
1018 1732 1069 1750 nos
1084 1725 1192 1750 eisdem

221 1771 382 1799 concessis.
402 1774 432 1796 ut
449 1771 604 1804 prefertur,
622 1771 747 1803 gaudere
764 1774 791 1796 et
809 1771 849 1797 uti
866 1771 900 1797 de
917 1775 1012 1797 cetero
1029 1773 1145 1806 pacifice
1161 1782 1194 1799 ac

223 1824 360 1853 perpetuo
385 1819 488 1844 faciant
512 1822 540 1844 et
566 1820 744 1853 permittant,
768 1820 864 1845 omnia
890 1820 1091 1853 impedimenta
1117 1821 1194 1847 circa

225 1869 277 1892 hoc
295 1867 424 1901 apposita
443 1867 557 1900 penitus
576 1867 749 1899 amovendo,
767 1876 822 1901 que
840 1876 890 1893 nos
907 1869 996 1894 eciam
1014 1872 1111 1894 tenore
1130 1878 1193 1902 pre-

222 1915 354 1940 sencium
379 1922 556 1940 amovemus.
580 1914 662 1945 Quod
686 1920 715 1940 ut
737 1915 850 1941 firmum
868 1920 895 1941 ct
911 1917 1013 1942 stabile
1031 1922 1194 1950 permaneat

223 1963 250 1988 in
270 1964 408 1994 futurum,
428 1963 610 1996 presentibus
627 1964 730 1988 litteris
747 1967 876 1989 nostrum
896 1964 1017 1990 fecimus
1032 1966 1134 1999 apponi
1152 1967 1194 1992 si-

223 2012 332 2045 gillum.
358 2011 459 2036 ilatum
484 2012 510 2036 in
536 2016 629 2037 castro
656 2016 753 2037 nostro
780 2011 814 2037 de
840 2012 961 2046 Lupera,
984 2013 1122 2043 l'arisius,
1149 2015 1194 2040 dic

222 2059 321 2092 quinta
340 2060 449 2084 mensis
466 2059 636 2089 decembris,
656 2067 730 2084 aimo
750 2059 862 2085 Domini
882 2060 1031 2086 millesimo
1049 2066 1190 2087 trecente-

222 2108 295 2132 simo
312 2106 497 2137 sexagesimo
514 2111 615 2132 octavo
634 2112 660 2132 et
675 2108 755 2139 regui
774 2112 862 2133 nostri
880 2108 990 2141 quinto.

260 2154 312 2179 I’er
329 2163 423 2185 regem

293 2203 328 2228 N.
350 2202 420 2228 Yvo.

332 2250 408 2275 Visa.

677 2340 703 2365 3.

261 2439 307 2472 {lnl
324 2443 329 2458 ¹
357 2439 470 2465 nomine
501 2440 630 2469 Domini,
651 2449 744 2467 amen.
765 2442 849 2467 Anno
866 2450 880 2467 a
898 2443 1045 2469 nativitate
1061 2445 1190 2478 ejusdem

223 2487 373 2513 millesimo
385 2489 586 2513 trecentesimo
597 2490 811 2522 septuagesimo
822 2495 932 2523 quarto¹
944 2491 1100 2518 indictione
1113 2492 1190 2525 xlia,

221 2536 267 2561 die
284 2536 392 2561 decima
410 2537 531 2569 septima
548 2538 800 2571 mensisjanuarii,
817 2539 999 2572 pontificatus
1015 2542 1192 2568 sanctissimi

227 2689 248 2713 i.
267 2687 403 2720 Messine,
421 2689 575 2721 17jauvier
594 2690 668 2715 1374.
688 2704 717 2709 -
736 2690 955 2718 I’roces-verbal
972 2693 1006 2719 de
1022 2694 1192 2727 l’hommage

187 2736 266 2771 prete
290 2745 325 2762 au
351 2745 421 2770 pape
447 2738 585 2769 tii-egone
609 2737 651 2762 XI
678 2747 726 2771 par
751 2738 883 2765 Frederic
907 2740 1069 2775 d'Aragon,
1094 2743 1134 2768 roi
1158 2744 1193 2770 «le

185 2784 352 2817 Trinacrie,
368 2785 453 2817 api-cs
472 2784 496 2809 la
521 2786 584 2818 paix
601 2785 721 2811 conclue
742 2791 821 2812 entre
842 2787 880 2813 lui
899 2791 926 2814 et
946 2788 970 2814 la
991 2790 1068 2815 reine
1083 2790 1193 2817 Jeanne

187 2833 221 2859 de
233 2832 349 2866 Naples.
364 2832 384 2857 [l
399 2834 526 2858 contient
539 2841 594 2858 une
606 2833 688 2860 lettre
702 2834 736 2860 de
749 2834 888 2869 Gregoire
902 2836 944 2863 xi
956 2839 970 2863 a
983 2837 1066 2872 Jean,
1083 2840 1193 2874 eveque

186 2881 221 2907 de
239 2881 346 2912 Sarlat,
365 2889 456 2906 nonce
474 2880 636 2915 pontificat,
654 2882 760 2916 charge
780 2883 815 2909 de
836 2886 966 2912 recevoir
982 2886 1007 2912 la
1023 2887 1191 2915 ratification

186 2929 225 2956 du
241 2929 325 2955 traite'
342 2932 371 2955 et
393 2929 563 2962 rhommage
579 2929 617 2955 du
636 2930 687 2956 roi.
704 2930 785 2957 Cette
803 2932 884 2958 lettre
907 2937 952 2960 est
975 2934 1056 2960 date'e
1077 2935 1111 2961 de
1131 2936 1193 2963 Vil-

187 2976 509 3011 leneuve-d‘Avignon‚
529 2977 565 3002 le*
580 2978 696 3004 octobre
712 2979 789 3006 1372.

1313 416 1340 442 in
1363 416 1478 443 Christo
1499 419 1587 452 patris
1606 422 1634 444 et
1649 418 1756 444 domini
1777 419 1884 453 nostri,
1906 419 2014 446 domini
2034 420 2167 455 Gregorii
2186 420 2285 448 divina

1315 465 1497 499 providencia
1510 475 1580 501 pape
1593 467 1665 493 lei
1677 475 1751 493 anno
1762 472 1873 502 quarto.
1891 467 1924 494 In
1939 469 1993 494 mei
2007 468 2108 495 notarii
2122 473 2150 496 et
2164 470 2284 496 testium

1312 514 1561 549 infrascriptorum
1582 516 1615 541 ad
1637 516 1691 542 hoc
1706 516 1871 550 specialiter
1886 520 2051 543 vocatorum
2069 521 2097 543 et
2118 521 2285 551 rogatorum

1313 563 1478 597 presencia,
1509 565 1770 592 reverendissimus
1796 566 1822 591 in
1849 564 1963 592 Christo
1993 569 2072 600 pater
2096 569 2124 592 et
2148 566 2285 593 dominus

1312 611 1447 637 dominus
1475 611 1625 639 Johannes
1653 612 1703 639 Dei
1729 617 1757 639 et
1781 614 1939 648 apostolice
1965 614 2044 640 sedis
2069 614 2159 648 gratia
2186 614 2285 641 Saria-

1313 660 1404 686 tensis
1421 660 1578 695 episcopus
1594 669 1627 687 ac
1642 662 1668 687 in
1687 665 1745 687 toto
1763 670 1850 695 regno
1864 661 1961 688 Sicilie
1970 662 2041 688 citra
2053 666 2081 689 et
2093 663 2166 689 ultra
2179 662 2284 690 Farum

1314 709 1421 743 prefate
1437 713 1536 736 sancte
1551 710 1629 736 sedis
1641 711 1797 744 apostolice
1810 711 1944 742 nuncius,
1957 711 2056 745 vigore
2069 715 2097 737 et
2112 711 2284 738 auctoritate

1313 758 1490 791 quarundam
1507 758 1665 784 litterarum
1682 759 1903 792 apostolicarum
1927 767 2000 793 quas
2020 759 2047 785 in
2071 759 2203 785 manibus
2219 760 2282 786 suis

1312 807 1442 837 tenebat,
1469 811 1496 833 et
1521 815 1640 841 quarum
1667 807 1749 841 copia
1774 807 1894 834 inferius
1919 807 2110 840 describetur,
2133 808 2285 842 requisivit

1312 855 1531 881 serenissimum
1545 856 1702 890 principem
1715 856 1863 882 dominum
1876 855 2058 882 Fredericum
2075 856 2109 882 de
2126 856 2284 890 Aragonia,

1311 903 1471 929 Trinacrie¹
1483 912 1579 938 regem
1592 904 1732 930 illustrem
1742 913 1775 930 ac
1784 903 1964 931 Athenarum
1975 908 2003 930 et
2014 905 2169 939 Neopatrie
2180 905 2284 932 ducem

1312 953 1416 979 ibidem
1433 957 1605 987 presentem,
1621 955 1645 979 si
1663 954 1774 980 volebat
1787 954 1854 986 sibi,
1872 954 1940 980 dicti
1957 954 2132 980 sanctissimi
2152 955 2241 989 patris
2256 957 2285 981 et

1311 1001 1420 1028 domini
1437 1002 1527 1028 nostri
1544 1010 1615 1037 pape
1637 1005 1666 1028 et
1682 1006 1780 1028 sancte
1802 1000 1932 1028 Romane
1950 1002 2072 1028 ecclesie
2097 1004 2157 1029 vice
2178 1006 2207 1029 et
2231 1011 2286 1029 no-

1313 1051 1389 1076 mine
1413 1050 1541 1084 recipere
1563 1054 1659 1085 parato
1678 1051 1838 1077 secundum
1864 1054 2034 1085 potestatem
2059 1051 2114 1077 sibi
2137 1051 2230 1077 datam
2254 1051 2284 1078 in

1312 1099 1448 1134 predictis
1470 1100 1636 1133 apostolicis
1659 1099 1760 1125 litteris
1783 1102 1966 1131 contentam,
1990 1099 2084 1126 facere
2106 1103 2134 1126 et
2156 1102 2285 1134 prestare

1311 1149 1429 1181 licgium
1446 1148 1622 1181 homagium,
1635 1152 1663 1174 et
1678 1148 1824 1174 fidelitatis
1840 1148 1936 1174 debite
1948 1149 2145 1182 juramentum
2156 1149 2241 1182 juxta
2256 1150 2286 1174 et

1310 1197 1470 1223 secundum
1493 1198 1610 1222 sormam
1635 1197 1662 1222 in
1688 1199 1809 1222 tractatu
1832 1197 1911 1230 pacis
1933 1196 2005 1222 facte
2026 1196 2100 1223 inter
2120 1196 2215 1231 ipsum
2231 1196 2286 1223 do·-

1312 1247 1421 1271 minum
1444 1254 1539 1279 regem
1557 1250 1584 1271 et
1605 1246 1820 1271 serenissimam
1842 1245 1985 1271 dominam
2002 1245 2177 1276 Johannam,
2195 1245 2284 1272 Jeru-

1311 1294 1399 1320 salem
1416 1296 1444 1319 et
1460 1293 1557 1320 Sicilie
1574 1294 1717 1326 reginam,
1734 1297 1761 1319 et
1777 1294 1935 1328 quemlibet
1950 1293 2106 1320 eorundem
2127 1294 2284 1328 approbato

1311 1346 1485 1368 contentam.
1511 1342 1565 1373 Qui
1587 1342 1702 1375 quidem
1726 1342 1861 1368 dominus
1886 1350 1934 1367 rex
1957 1342 2105 1376 respondit
2124 1342 2199 1376 quod
2222 1343 2285 1376 ipse

1311 1394 1371 1416 erat
1394 1390 1498 1416 dictam
1525 1394 1685 1424 requestam
1710 1391 1829 1423 implere
1853 1394 1985 1425 paratus,
2009 1394 2036 1416 et
2052 1390 2143 1417 dictas
2166 1394 2284 1424 aposto-

1311 1439 1380 1465 licas
1396 1439 1505 1464 litteras
1522 1439 1626 1464 ibidem
1643 1439 1698 1471 legi
1713 1439 1795 1469 fecit,
1817 1447 1849 1464 ac
1864 1443 1962 1472 postea
1979 1447 2081 1464 manus
2097 1447 2166 1465 suas
2183 1442 2285 1465 tenens

1310 1487 1474 1520 complosas
1491 1487 1560 1512 infra
1579 1495 1681 1513 manus
1697 1487 1805 1512 domini
1825 1487 1920 1513 nuncii
1937 1487 2108 1521 supradicti,
2125 1488 2284 1513 clausulam

1311 1536 1431 1562 formam
1449 1535 1572 1569 homagii
1590 1540 1617 1561 et
1635 1535 1793 1569 juramenti
1811 1535 1955 1562 fidelitatis
1977 1536 2143 1562 continente
2163 1537 2189 1562 in
2207 1535 2284 1562 dicto

1311 1588 1432 1610 tractatu
1450 1584 1529 1618 pacis
1547 1585 1667 1619 positam
1685 1584 1753 1610 fecit
1769 1592 1863 1610 coram
1881 1592 1911 1609 se
1931 1584 1957 1609 in
1981 1583 2075 1610 verbis
2096 1583 2192 1610 latinis
2207 1584 2285 1610 sicut

1311 1634 1419 1667 scripta
1431 1636 1491 1658 erat
1502 1633 1567 1667 legi,
1583 1636 1610 1658 et
1622 1633 1712 1658 eciam
1731 1632 1889 1664 vulgariter
1903 1633 2009 1666 exponi
2027 1640 2077 1666 per
2094 1632 2282 1659 reverendum

1311 1682 1339 1708 in
1363 1681 1486 1708 Christo·
1501 1685 1610 1715 patrem
1633 1681 1781 1707 dominum
1798 1681 1913 1707 fratrem
1931 1680 2100 1707 Ubertinum
2119 1681 2171 1707 Dei
2193 1681 2284 1715 gratia

1311 1730 1480 1764 episcopum
1498 1729 1730 1755 Coricoeensem.
1748 1729 1862 1761 Quibus
1879 1729 1961 1755 lectis
1981 1737 2014 1754 ac
2030 1729 2170 1763 expositis
2190 1733 2218 1754 et
2235 1737 2285 1763 per

1311 1778 1433 1804 eundem
1447 1777 1593 1804 dominum
1606 1777 1752 1803 Trinacrio
1766 1786 1861 1810 regem
1878 1777 2039 1808 intellectis,
2057 1777 2131 1803 idem
2149 1777 2285 1804 domiuus

1311 1835 1360 1852 rex
1378 1827 1523 1852 humiliter
1534 1830 1562 1852 et
1576 1826 1687 1859 devote,
1702 1827 1785 1852 tactis
1797 1826 1992 1852 sacrosanctis
2004 1826 2178 1859 evangelicis
2190 1826 2284 1860 scrip-

1312 1875 1396 1905 turis,
1417 1875 1508 1900 eidem
1533 1875 1648 1900 domino
1671 1875 1829 1908 apostolico
1847 1874 1951 1899 nuncio
1969 1874 2117 1908 recipienti
2135 1878 2162 1900 et
2177 1881 2284 1908 acecp-

1311 1923 1382 1948 tanti
1397 1923 1458 1948 vice
1472 1928 1499 1948 et
1515 1923 1628 1949 nomine
1641 1922 1708 1948 dicti
1722 1922 1828 1948 domini
1847 1922 1937 1947 nostri
1955 1930 2024 1956 pape
2040 1926 2066 1948 et
2083 1923 2148 1956 ejus
2163 1930 2284 1948 succes-

1312 1979 1410 1997 sorum
1425 1971 1783 2005 summorumpontificum
1797 1970 1935 1996 canonice
1952 1971 2121 1996 intrancium
2136 1979 2169 1996 ac
2185 1974 2284 1997 sancte

1313 2020 1442 2045 Romane
1458 2020 1583 2046 ecclesie
1599 2024 1712 2053 sponte,
1731 2019 1901 2053 simpliciter
1917 2023 2001 2053 atque
2019 2027 2099 2053 pure,
2118 2019 2240 2045 tenendo
2257 2022 2285 2045 et

1312 2068 1459 2102 sequendo
1484 2077 1533 2102 per
1554 2069 1648 2094 onmia
1673 2067 1788 2094 modum
1812 2072 1839 2093 et
1866 2068 1982 2093 sormam
2007 2068 2035 2093 in
2060 2068 2134 2093 dicta
2156 2068 2285 2093 clausula

1312 2121 1450 2143 tractatus
1475 2117 1568 2150 paci&
1589 2118 1675 2150 cujus
1699 2116 1829 2142 clausule
1847 2121 1928 2141 tenor
1944 2116 2064 2142 inferius
2085 2119 2130 2141 cst
2146 2116 2284 2149 insci-um,

1312 2170 1481 2196 contentos,
1499 2165 1598 2199 ligium
1621 2165 1785 2199 homagium
1810 2172 1842 2190 ac
1859 2164 2061 2197 vassallagium
2079 2163 2145 2190 fecit
2161 2168 2190 2189 et
2214 2163 2285 2189 fide-

1312 2215 1399 2240 litatis
1421 2214 1516 2239 debite
1540 2214 1664 2248 prestitit
1681 2214 1895 2246 juramentum,
1916 2221 1968 2238 nec
1986 2220 2040 2238 uon
2060 2212 2137 2246 pat-is
2152 2212 2284 2238 osculum

1312 2262 1389 2288 dedit
1413 2262 1506 2288 eidem
1532 2262 1648 2288 domino
1672 2261 1831 2295 apostolico
1860 2261 1964 2287 nuncio
1989 2261 2153 2286 nominibus
2178 2259 2286 2294 quibus

1312 2320 1408 2346 supra.
1429 2311 1469 2337 De
1491 2311 1597 2345 quibus
1614 2311 1749 2336 omnihus
1772 2314 1799 2336 et
1820 2309 1944 2341 singulis
1961 2308 2167 2343 suprascriptis
2185 2308 2285 2342 prefati

1311 2360 1418 2386 domiui
1435 2368 1483 2385 rex
1496 2363 1523 2385 et
1535 2359 1713 2393 apostolicus
1726 2357 1850 2383 nuncius
1863 2357 2007 2391 petierunt
2023 2360 2050 2382 et
2067 2357 2219 2382 voluerunt
2237 2363 2286 2390 pet·

1312 2416 1356 2434 me
1375 2408 1559 2434 Franciscum
1584 2408 1725 2433 notarium
1747 2407 1893 2440 publicum
1912 2406 2123 2439 infrascriptum
2146 2405 2205 2430 fieri
2231 2412 2285 2438 pu-

1312 2457 1417 2482 blicum
1445 2457 1669 2482 instrumentum
1705 2459 1732 2479 et
1759 2454 1872 2488 publica
1898 2453 2103 2483 instrumenta,
2139 2460 2226 2478 unum
2257 2455 2287 2478 et

1311 2506 1403 2539 plura,
1421 2504 1559 2538 quociens
1577 2504 1734 2537 requisitus
1752 2510 1811 2528 ero.
1832 2502 1960 2527 Tenon-es
1975 2505 2071 2527 autem
2093 2501 2285 2535 predictarum

1312 2553 1469 2579 litterarum
1493 2552 1714 2586 apostolicarum
1735 2555 1762 2577 et
1786 2550 1915 2576 clausule
1940 2549 2008 2575 dicti
2031 2554 2169 2575 tractatus
2196 2548 2284 2582 pacis,

1311 2602 1346 2628 de
1363 2602 1469 2635 quibus
1485 2609 1573 2635 supra
1588 2600 1661 2626 facta
1677 2603 1722 2625 est
1739 2600 1856 2629 mentio,
1869 2602 2029 2632 sequuntur
2047 2606 2096 2632 per
2112 2597 2240 2623 ordinem
2257 2599 2286 2623 et

1311 2654 1381 2676 sunt
1396 2650 1477 2676 taleS.

1348 2708 1360 2723 «
1377 2698 1537 2731 Gregorius
1558 2698 1730 2732 episcopus,
1748 2704 1851 2722 servus
1871 2703 2020 2721 servorum
2042 2693 2111 2727 Dei,
2130 2693 2285 2720 venerabili

1312 2757 1324 2772 ι)
1347 2747 1427 2773 fratri
1441 2746 1565 2772 Johanni
1579 2745 1716 2779 episcopo
1728 2743 1896 2775 Sat-latensi,
1908 2742 2064 2777 apostolico
2076 2741 2155 2768 sedis
2167 2741 2283 2775 nuncio,

1313 2808 1325 2820 »
1348 2793 1468 2822 salutem
1481 2799 1509 2821 et
1520 2794 1705 2829 apostolicam
1723 2792 1964 2819 benedictionem.
1981 2790 2052 2817 Cum
2069 2794 2095 2817 te
2111 2790 2145 2816 ad
2162 2798 2284 2824 regnum

1314 2856 1325 2868 n
1348 2843 1445 2869 Sicilie
1462 2847 1518 2869 tam
1535 2844 1607 2869 citra
1621 2849 1706 2876 quani
1726 2841 1798 2867 ultra
1820 2839 1923 2866 Farum
1945 2847 1994 2874 pro
2010 2839 2099 2865 certis
2120 2837 2217 2864 arduis
2234 2846 2286 2864 ne-

1315 2987 1339 3012 1.
1357 2986 1419 3013 Cod.
1436 2985 1581 3011 Tunatrie.
