<?xml version="1.0" encoding="UTF-8"?>
<!DOCTYPE html PUBLIC "-//W3C//DTD XHTML 1.0 Transitional//EN"
    "http://www.w3.org/TR/xhtml1/DTD/xhtml1-transitional.dtd">
<html xmlns="http://www.w3.org/1999/xhtml" xml:lang="en" lang="en">
 <head>
  <title>
</title>
<meta http-equiv="Content-Type" content="text/html;charset=utf-8" />
  <meta name='ocr-system' content='tesseract 3.04.00' />
  <meta name='ocr-capabilities' content='ocr_page ocr_carea ocr_par ocr_line ocrx_word'/>
</head>
<body>
  <div class='ocr_page' id='page_1' title='image "./lelibercensuumde05fabruoft_0075.png"; bbox 0 0 2455 3560; ppageno 0'>
   <div class='ocr_carea' id='block_1_1' title="bbox 615 336 2149 381">
    <p class='ocr_par' dir='ltr' id='par_1_1' title="bbox 615 336 2149 381">
     <span class='ocr_line' id='line_1_1' title="bbox 615 336 2149 381; baseline -0.008 0"><span class='ocrx_word' id='word_1_1' title='bbox 615 352 665 381; x_wconf 86' lang='lat' dir='ltr'>LE</span> <span class='ocrx_word' id='word_1_2' title='bbox 688 350 831 380; x_wconf 84' lang='lat' dir='ltr'><strong>LIBER</strong></span> <span class='ocrx_word' id='word_1_3' title='bbox 853 347 1086 379; x_wconf 84' lang='lat' dir='ltr'>CENSUUM</span> <span class='ocrx_word' id='word_1_4' title='bbox 1110 347 1164 376; x_wconf 81' lang='lat' dir='ltr'>DE</span> <span class='ocrx_word' id='word_1_5' title='bbox 1186 336 1372 376; x_wconf 72' lang='lat' dir='ltr'>L&#39;EGLISE</span> <span class='ocrx_word' id='word_1_6' title='bbox 1395 344 1603 374; x_wconf 78' lang='lat' dir='ltr'><strong>ROMAINE.</strong></span> <span class='ocrx_word' id='word_1_7' title='bbox 2108 340 2149 369; x_wconf 83' lang='lat'>65</span> 
     </span>
    </p>
   </div>
   <div class='ocr_carea' id='block_1_2' title="bbox 107 413 1093 2781">
    <p class='ocr_par' dir='ltr' id='par_1_2' title="bbox 107 413 1084 1657">
     <span class='ocr_line' id='line_1_2' title="bbox 107 413 1071 454; baseline -0.01 -6"><span class='ocrx_word' id='word_1_8' title='bbox 107 426 172 449; x_wconf 91' lang='lat' dir='ltr'>ture</span> <span class='ocrx_word' id='word_1_9' title='bbox 188 421 292 448; x_wconf 90' lang='lat' dir='ltr'>seriem</span> <span class='ocrx_word' id='word_1_10' title='bbox 313 419 486 454; x_wconf 87' lang='lat' dir='ltr'>inspecturis</span> <span class='ocrx_word' id='word_1_11' title='bbox 506 417 581 453; x_wconf 87' lang='lat' dir='ltr'>quod</span> <span class='ocrx_word' id='word_1_12' title='bbox 599 417 652 444; x_wconf 87' lang='lat' dir='ltr'>sub</span> <span class='ocrx_word' id='word_1_13' title='bbox 669 424 744 443; x_wconf 91' lang='lat' dir='ltr'>anno</span> <span class='ocrx_word' id='word_1_14' title='bbox 760 425 775 442; x_wconf 93' lang='lat' dir='ltr'>a</span> <span class='ocrx_word' id='word_1_15' title='bbox 793 415 938 442; x_wconf 76' lang='lat' dir='ltr'>nativitate</span> <span class='ocrx_word' id='word_1_16' title='bbox 956 413 1071 440; x_wconf 88' lang='lat' dir='ltr'>Domini</span> 
     </span>
     <span class='ocr_line' id='line_1_3' title="bbox 109 462 1072 503; baseline -0.01 -7"><span class='ocrx_word' id='word_1_17' title='bbox 109 470 262 497; x_wconf 88' lang='lat' dir='ltr'>millesimo</span> <span class='ocrx_word' id='word_1_18' title='bbox 278 467 561 503; x_wconf 84' lang='lat' dir='ltr'>quadringentesimo</span> <span class='ocrx_word' id='word_1_19' title='bbox 576 465 714 495; x_wconf 84' lang='lat' dir='ltr'>secundo,</span> <span class='ocrx_word' id='word_1_20' title='bbox 732 463 887 490; x_wconf 85' lang='lat' dir='ltr'>indictione</span> <span class='ocrx_word' id='word_1_21' title='bbox 904 462 1027 492; x_wconf 85' lang='lat' dir='ltr'>decima,</span> <span class='ocrx_word' id='word_1_22' title='bbox 1044 464 1072 487; x_wconf 86' lang='lat' dir='ltr'>et</span> 
     </span>
     <span class='ocr_line' id='line_1_4' title="bbox 109 510 1072 548; baseline -0.011 -2"><span class='ocrx_word' id='word_1_23' title='bbox 109 519 220 545; x_wconf 79' lang='lat' dir='ltr'>mensis</span> <span class='ocrx_word' id='word_1_24' title='bbox 249 517 346 544; x_wconf 86' lang='lat' dir='ltr'>marcii</span> <span class='ocrx_word' id='word_1_25' title='bbox 376 517 421 543; x_wconf 89' lang='lat' dir='ltr'>die</span> <span class='ocrx_word' id='word_1_26' title='bbox 449 516 597 546; x_wconf 81' lang='lat' dir='ltr'>vicesimo,</span> <span class='ocrx_word' id='word_1_27' title='bbox 627 513 811 548; x_wconf 81' lang='lat' dir='ltr'>pontificatus</span> <span class='ocrx_word' id='word_1_28' title='bbox 840 511 1016 538; x_wconf 77' lang='lat' dir='ltr'>sanctissimi</span> <span class='ocrx_word' id='word_1_29' title='bbox 1043 510 1072 536; x_wconf 93' lang='lat' dir='ltr'>in</span> 
     </span>
     <span class='ocr_line' id='line_1_5' title="bbox 108 560 1072 601; baseline -0.01 -7"><span class='ocrx_word' id='word_1_30' title='bbox 108 567 223 594; x_wconf 84' lang='lat' dir='ltr'>Christo</span> <span class='ocrx_word' id='word_1_31' title='bbox 237 566 325 601; x_wconf 85' lang='lat' dir='ltr'>patris</span> <span class='ocrx_word' id='word_1_32' title='bbox 339 569 366 591; x_wconf 89' lang='lat' dir='ltr'>et</span> <span class='ocrx_word' id='word_1_33' title='bbox 381 564 489 590; x_wconf 87' lang='lat' dir='ltr'>domini</span> <span class='ocrx_word' id='word_1_34' title='bbox 505 562 594 589; x_wconf 90' lang='lat' dir='ltr'>nostri</span> <span class='ocrx_word' id='word_1_35' title='bbox 611 562 716 588; x_wconf 86' lang='lat' dir='ltr'>domini</span> <span class='ocrx_word' id='word_1_36' title='bbox 733 560 878 587; x_wconf 76' lang='lat' dir='ltr'>Benedicti</span> <span class='ocrx_word' id='word_1_37' title='bbox 894 560 989 585; x_wconf 87' lang='lat' dir='ltr'>divina</span> <span class='ocrx_word' id='word_1_38' title='bbox 1007 566 1072 592; x_wconf 86' lang='lat' dir='ltr'>pro-</span> 
     </span>
     <span class='ocr_line' id='line_1_6' title="bbox 111 608 1073 649; baseline -0.008 -7"><span class='ocrx_word' id='word_1_39' title='bbox 111 615 242 642; x_wconf 80' lang='lat' dir='ltr'>videncia</span> <span class='ocrx_word' id='word_1_40' title='bbox 260 622 330 649; x_wconf 86' lang='lat' dir='ltr'>pape</span> <span class='ocrx_word' id='word_1_41' title='bbox 346 612 420 639; x_wconf 84' lang='lat' dir='ltr'>XIII</span> <span class='ocrx_word' id='word_1_42' title='bbox 437 620 511 639; x_wconf 81' lang='lat' dir='ltr'>anno</span> <span class='ocrx_word' id='word_1_43' title='bbox 531 616 642 642; x_wconf 86' lang='lat' dir='ltr'>octavo,</span> <span class='ocrx_word' id='word_1_44' title='bbox 660 610 686 636; x_wconf 94' lang='lat' dir='ltr'>in</span> <span class='ocrx_word' id='word_1_45' title='bbox 705 609 812 644; x_wconf 79' lang='lat' dir='ltr'>palacio</span> <span class='ocrx_word' id='word_1_46' title='bbox 828 609 984 643; x_wconf 84' lang='lat' dir='ltr'>apostolico</span> <span class='ocrx_word' id='word_1_47' title='bbox 1000 608 1073 634; x_wconf 81' lang='lat' dir='ltr'>Avi-</span> 
     </span>
     <span class='ocr_line' id='line_1_7' title="bbox 112 656 1074 697; baseline -0.009 -7"><span class='ocrx_word' id='word_1_48' title='bbox 112 663 241 690; x_wconf 84' lang='lat' dir='ltr'>nionensi</span> <span class='ocrx_word' id='word_1_49' title='bbox 254 685 260 696; x_wconf 81' lang='grc'>,</span> <span class='ocrx_word' id='word_1_50' title='bbox 286 663 412 697; x_wconf 81' lang='lat' dir='ltr'>prefatus</span> <span class='ocrx_word' id='word_1_51' title='bbox 434 661 568 687; x_wconf 87' lang='lat' dir='ltr'>dominus</span> <span class='ocrx_word' id='word_1_52' title='bbox 591 663 688 685; x_wconf 84' lang='lat' dir='ltr'>noster</span> <span class='ocrx_word' id='word_1_53' title='bbox 709 666 778 692; x_wconf 83' lang='lat' dir='ltr'>papa</span> <span class='ocrx_word' id='word_1_54' title='bbox 796 656 977 692; x_wconf 72' lang='lat' dir='ltr'>presentibus</span> <span class='ocrx_word' id='word_1_55' title='bbox 993 663 1074 682; x_wconf 87' lang='lat' dir='ltr'>reve-</span> 
     </span>
     <span class='ocr_line' id='line_1_8' title="bbox 111 705 1075 743; baseline -0.01 -4"><span class='ocrx_word' id='word_1_56' title='bbox 111 713 285 739; x_wconf 80' lang='lat' dir='ltr'>rendissimo</span> <span class='ocrx_word' id='word_1_57' title='bbox 299 711 326 737; x_wconf 93' lang='lat' dir='ltr'>in</span> <span class='ocrx_word' id='word_1_58' title='bbox 342 709 456 736; x_wconf 80' lang='lat' dir='ltr'>Christo</span> <span class='ocrx_word' id='word_1_59' title='bbox 473 713 550 743; x_wconf 90' lang='lat' dir='ltr'>patre</span> <span class='ocrx_word' id='word_1_60' title='bbox 565 707 681 733; x_wconf 89' lang='lat' dir='ltr'>domino</span> <span class='ocrx_word' id='word_1_61' title='bbox 696 705 874 732; x_wconf 86' lang='lat' dir='ltr'>Ferdinando</span> <span class='ocrx_word' id='word_1_62' title='bbox 887 705 1075 730; x_wconf 76' lang='lat' dir='ltr'>miseracione</span> 
     </span>
     <span class='ocr_line' id='line_1_9' title="bbox 111 753 1075 791; baseline -0.01 -4"><span class='ocrx_word' id='word_1_63' title='bbox 111 761 206 788; x_wconf 84' lang='lat' dir='ltr'>divina</span> <span class='ocrx_word' id='word_1_64' title='bbox 223 760 342 786; x_wconf 75' lang='lat' dir='ltr'>basilice</span> <span class='ocrx_word' id='word_1_65' title='bbox 364 758 419 784; x_wconf 80' lang='grc' dir='ltr'>ΧΗ</span> <span class='ocrx_word' id='word_1_66' title='bbox 438 757 643 791; x_wconf 72' lang='lat' dir='ltr'>Apostolorum</span> <span class='ocrx_word' id='word_1_67' title='bbox 661 755 818 789; x_wconf 78' lang='lat' dir='ltr'>presbitero</span> <span class='ocrx_word' id='word_1_68' title='bbox 835 753 969 779; x_wconf 77' lang='lat' dir='ltr'>cardinali</span> <span class='ocrx_word' id='word_1_69' title='bbox 987 755 1014 778; x_wconf 89' lang='lat' dir='ltr'>et</span> <span class='ocrx_word' id='word_1_70' title='bbox 1030 760 1075 778; x_wconf 89' lang='lat' dir='ltr'>re-</span> 
     </span>
     <span class='ocr_line' id='line_1_10' title="bbox 113 801 1075 842; baseline -0.009 -7"><span class='ocrx_word' id='word_1_71' title='bbox 113 808 238 836; x_wconf 91' lang='lat' dir='ltr'>verendo</span> <span class='ocrx_word' id='word_1_72' title='bbox 269 811 347 842; x_wconf 90' lang='lat' dir='ltr'>patre</span> <span class='ocrx_word' id='word_1_73' title='bbox 381 807 497 832; x_wconf 90' lang='lat' dir='ltr'>domino</span> <span class='ocrx_word' id='word_1_74' title='bbox 530 804 615 831; x_wconf 88' lang='lat' dir='ltr'>Petro</span> <span class='ocrx_word' id='word_1_75' title='bbox 650 804 751 830; x_wconf 74' lang='lat' dir='ltr'>abbate</span> <span class='ocrx_word' id='word_1_76' title='bbox 785 801 948 829; x_wconf 83' lang='lat' dir='ltr'>monasterii</span> <span class='ocrx_word' id='word_1_77' title='bbox 984 801 1075 826; x_wconf 88' lang='lat' dir='ltr'>sancti</span> 
     </span>
     <span class='ocr_line' id='line_1_11' title="bbox 110 849 1076 884; baseline -0.01 0"><span class='ocrx_word' id='word_1_78' title='bbox 110 857 254 884; x_wconf 73' lang='lat' dir='ltr'>Jotiannis</span> <span class='ocrx_word' id='word_1_79' title='bbox 275 856 309 882; x_wconf 92' lang='lat' dir='ltr'>de</span> <span class='ocrx_word' id='word_1_80' title='bbox 334 855 422 882; x_wconf 78' lang='lat' dir='ltr'>Pinna</span> <span class='ocrx_word' id='word_1_81' title='bbox 447 854 555 880; x_wconf 85' lang='lat' dir='ltr'>ordinis</span> <span class='ocrx_word' id='word_1_82' title='bbox 577 853 668 879; x_wconf 88' lang='lat' dir='ltr'>sancti</span> <span class='ocrx_word' id='word_1_83' title='bbox 692 851 840 878; x_wconf 82' lang='lat' dir='ltr'>Benedicti</span> <span class='ocrx_word' id='word_1_84' title='bbox 860 850 999 877; x_wconf 79' lang='lat' dir='ltr'>Oscensis</span> <span class='ocrx_word' id='word_1_85' title='bbox 1014 849 1076 875; x_wconf 90' lang='lat' dir='ltr'>dio-</span> 
     </span>
     <span class='ocr_line' id='line_1_12' title="bbox 111 899 1077 937; baseline -0.01 -4"><span class='ocrx_word' id='word_1_86' title='bbox 111 907 199 934; x_wconf 89' lang='lat' dir='ltr'>cesis.</span> <span class='ocrx_word' id='word_1_87' title='bbox 218 914 250 931; x_wconf 87' lang='lat' dir='ltr'>ac</span> <span class='ocrx_word' id='word_1_88' title='bbox 272 905 405 937; x_wconf 84' lang='lat' dir='ltr'>religioso</span> <span class='ocrx_word' id='word_1_89' title='bbox 423 903 508 929; x_wconf 78' lang='lat' dir='ltr'>fratre</span> <span class='ocrx_word' id='word_1_90' title='bbox 525 901 679 928; x_wconf 88' lang='lat' dir='ltr'>Geronimo</span> <span class='ocrx_word' id='word_1_91' title='bbox 696 902 730 926; x_wconf 87' lang='lat' dir='ltr'>de</span> <span class='ocrx_word' id='word_1_92' title='bbox 746 900 825 926; x_wconf 89' lang='lat' dir='ltr'>Ocon</span> <span class='ocrx_word' id='word_1_93' title='bbox 841 899 996 926; x_wconf 84' lang='lat' dir='ltr'>camerario</span> <span class='ocrx_word' id='word_1_94' title='bbox 1013 906 1077 923; x_wconf 91' lang='lat' dir='ltr'>mo-</span> 
     </span>
     <span class='ocr_line' id='line_1_13' title="bbox 113 946 1077 986; baseline -0.01 -5"><span class='ocrx_word' id='word_1_95' title='bbox 113 954 230 981; x_wconf 84' lang='lat' dir='ltr'>nasterii</span> <span class='ocrx_word' id='word_1_96' title='bbox 257 953 392 986; x_wconf 76' lang='lat' dir='ltr'>Rivipulli</span> <span class='ocrx_word' id='word_1_97' title='bbox 414 951 481 978; x_wconf 92' lang='lat' dir='ltr'>dicti</span> <span class='ocrx_word' id='word_1_98' title='bbox 502 950 611 977; x_wconf 81' lang='lat' dir='ltr'>ordinis</span> <span class='ocrx_word' id='word_1_99' title='bbox 629 950 762 976; x_wconf 64' lang='lat' dir='ltr'>vicensis</span> <span class='ocrx_word' id='word_1_100' title='bbox 778 948 912 980; x_wconf 75' lang='lat' dir='ltr'>diocesis,</span> <span class='ocrx_word' id='word_1_101' title='bbox 930 956 979 981; x_wconf 89' lang='lat' dir='ltr'>pro</span> <span class='ocrx_word' id='word_1_102' title='bbox 996 946 1077 972; x_wconf 89' lang='lat' dir='ltr'>testi-</span> 
     </span>
     <span class='ocr_line' id='line_1_14' title="bbox 115 994 1077 1032; baseline -0.009 -4"><span class='ocrx_word' id='word_1_103' title='bbox 115 1003 170 1028; x_wconf 92' lang='lat' dir='ltr'>bus</span> <span class='ocrx_word' id='word_1_104' title='bbox 194 1001 341 1030; x_wconf 76' lang='lat' dir='ltr'>adliibitis,</span> <span class='ocrx_word' id='word_1_105' title='bbox 370 1000 479 1026; x_wconf 80' lang='lat' dir='ltr'>vocatis</span> <span class='ocrx_word' id='word_1_106' title='bbox 508 1003 536 1025; x_wconf 85' lang='lat' dir='ltr'>et</span> <span class='ocrx_word' id='word_1_107' title='bbox 566 999 687 1032; x_wconf 80' lang='lat' dir='ltr'>rogatis,</span> <span class='ocrx_word' id='word_1_108' title='bbox 712 997 855 1023; x_wconf 83' lang='lat' dir='ltr'>mandavit</span> <span class='ocrx_word' id='word_1_109' title='bbox 883 996 966 1021; x_wconf 89' lang='lat' dir='ltr'>micbi</span> <span class='ocrx_word' id='word_1_110' title='bbox 995 994 1077 1020; x_wconf 78' lang='lat' dir='ltr'>Petro</span> 
     </span>
     <span class='ocr_line' id='line_1_15' title="bbox 113 1043 1077 1081; baseline -0.008 -5"><span class='ocrx_word' id='word_1_111' title='bbox 113 1050 227 1077; x_wconf 75' lang='lat' dir='ltr'>Sor-iani</span> <span class='ocrx_word' id='word_1_112' title='bbox 264 1050 368 1075; x_wconf 69' lang='lat' dir='ltr'>clerico</span> <span class='ocrx_word' id='word_1_113' title='bbox 410 1047 626 1081; x_wconf 77' lang='lat' dir='ltr'>Segrebicensi=</span> <span class='ocrx_word' id='word_1_114' title='bbox 661 1045 799 1072; x_wconf 79' lang='lat' dir='ltr'>canonico</span> <span class='ocrx_word' id='word_1_115' title='bbox 839 1043 1077 1076; x_wconf 75' lang='lat' dir='ltr'>Bai-chinonensi,</span> 
     </span>
     <span class='ocr_line' id='line_1_16' title="bbox 114 1091 1078 1132; baseline -0.007 -9"><span class='ocrx_word' id='word_1_116' title='bbox 114 1097 210 1132; x_wconf 90' lang='lat' dir='ltr'>ipsius</span> <span class='ocrx_word' id='word_1_117' title='bbox 229 1097 337 1122; x_wconf 88' lang='lat' dir='ltr'>domini</span> <span class='ocrx_word' id='word_1_118' title='bbox 359 1096 447 1122; x_wconf 79' lang='lat' dir='ltr'>nostri</span> <span class='ocrx_word' id='word_1_119' title='bbox 469 1103 540 1129; x_wconf 89' lang='lat' dir='ltr'>pape</span> <span class='ocrx_word' id='word_1_120' title='bbox 561 1095 716 1121; x_wconf 70' lang='lat' dir='ltr'>secretario</span> <span class='ocrx_word' id='word_1_121' title='bbox 733 1102 765 1119; x_wconf 88' lang='lat' dir='ltr'>ac</span> <span class='ocrx_word' id='word_1_122' title='bbox 781 1093 935 1127; x_wconf 82' lang='lat' dir='ltr'>apostolica</span> <span class='ocrx_word' id='word_1_123' title='bbox 951 1091 1078 1117; x_wconf 86' lang='lat' dir='ltr'>auctori-</span> 
     </span>
     <span class='ocr_line' id='line_1_17' title="bbox 116 1139 1079 1179; baseline -0.007 -7"><span class='ocrx_word' id='word_1_124' title='bbox 116 1151 173 1173; x_wconf 82' lang='lat' dir='ltr'>tate</span> <span class='ocrx_word' id='word_1_125' title='bbox 191 1146 314 1174; x_wconf 84' lang='lat' dir='ltr'>notario,</span> <span class='ocrx_word' id='word_1_126' title='bbox 332 1146 468 1179; x_wconf 81' lang='lat' dir='ltr'>quatinus</span> <span class='ocrx_word' id='word_1_127' title='bbox 485 1145 512 1170; x_wconf 94' lang='lat' dir='ltr'>in</span> <span class='ocrx_word' id='word_1_128' title='bbox 532 1144 656 1177; x_wconf 72' lang='lat' dir='ltr'>presenti</span> <span class='ocrx_word' id='word_1_129' title='bbox 676 1142 745 1168; x_wconf 87' lang='lat' dir='ltr'>libro</span> <span class='ocrx_word' id='word_1_130' title='bbox 761 1141 887 1168; x_wconf 80' lang='lat' dir='ltr'>censuali</span> <span class='ocrx_word' id='word_1_131' title='bbox 903 1144 1001 1166; x_wconf 88' lang='lat' dir='ltr'>sancte</span> <span class='ocrx_word' id='word_1_132' title='bbox 1018 1139 1079 1166; x_wconf 83' lang='lat' dir='ltr'>Ro-</span> 
     </span>
     <span class='ocr_line' id='line_1_18' title="bbox 116 1189 1080 1223; baseline -0.007 -2"><span class='ocrx_word' id='word_1_133' title='bbox 116 1203 199 1221; x_wconf 86' lang='lat' dir='ltr'>mane</span> <span class='ocrx_word' id='word_1_134' title='bbox 221 1194 343 1220; x_wconf 84' lang='lat' dir='ltr'>ecclesie</span> <span class='ocrx_word' id='word_1_135' title='bbox 364 1192 493 1219; x_wconf 83' lang='lat' dir='ltr'>annotari</span> <span class='ocrx_word' id='word_1_136' title='bbox 515 1193 636 1218; x_wconf 75' lang='lat' dir='ltr'>facerem</span> <span class='ocrx_word' id='word_1_137' title='bbox 659 1194 687 1217; x_wconf 88' lang='lat' dir='ltr'>et</span> <span class='ocrx_word' id='word_1_138' title='bbox 703 1190 853 1216; x_wconf 82' lang='lat' dir='ltr'>transcribi</span> <span class='ocrx_word' id='word_1_139' title='bbox 868 1189 1009 1223; x_wconf 84' lang='lat' dir='ltr'>quoddam</span> <span class='ocrx_word' id='word_1_140' title='bbox 1027 1198 1080 1223; x_wconf 90' lang='lat' dir='ltr'>pu-</span> 
     </span>
     <span class='ocr_line' id='line_1_19' title="bbox 118 1239 1082 1273; baseline -0.006 -3"><span class='ocrx_word' id='word_1_141' title='bbox 118 1244 224 1270; x_wconf 91' lang='lat' dir='ltr'>blicum</span> <span class='ocrx_word' id='word_1_142' title='bbox 247 1243 468 1269; x_wconf 83' lang='lat' dir='ltr'>instrumentum</span> <span class='ocrx_word' id='word_1_143' title='bbox 492 1243 644 1267; x_wconf 89' lang='lat' dir='ltr'>continens</span> <span class='ocrx_word' id='word_1_144' title='bbox 668 1245 773 1266; x_wconf 82' lang='lat' dir='ltr'>certam</span> <span class='ocrx_word' id='word_1_145' title='bbox 800 1239 1028 1273; x_wconf 85' lang='lat' dir='ltr'>recognicionem</span> <span class='ocrx_word' id='word_1_146' title='bbox 1054 1242 1082 1264; x_wconf 86' lang='lat' dir='ltr'>et</span> 
     </span>
     <span class='ocr_line' id='line_1_20' title="bbox 119 1288 1082 1325; baseline -0.006 -7"><span class='ocrx_word' id='word_1_147' title='bbox 119 1291 284 1325; x_wconf 79' lang='lat' dir='ltr'>homagium</span> <span class='ocrx_word' id='word_1_148' title='bbox 310 1291 413 1317; x_wconf 78' lang='lat' dir='ltr'>lactum</span> <span class='ocrx_word' id='word_1_149' title='bbox 438 1295 465 1316; x_wconf 81' lang='lat' dir='ltr'>et</span> <span class='ocrx_word' id='word_1_150' title='bbox 486 1291 680 1324; x_wconf 86' lang='lat' dir='ltr'>juramentum</span> <span class='ocrx_word' id='word_1_151' title='bbox 702 1288 845 1314; x_wconf 78' lang='lat' dir='ltr'>fidelitatis</span> <span class='ocrx_word' id='word_1_152' title='bbox 866 1288 1014 1321; x_wconf 88' lang='lat' dir='ltr'>prestitum</span> <span class='ocrx_word' id='word_1_153' title='bbox 1032 1295 1082 1322; x_wconf 87' lang='lat' dir='ltr'>per</span> 
     </span>
     <span class='ocr_line' id='line_1_21' title="bbox 119 1335 1081 1373; baseline -0.006 -7"><span class='ocrx_word' id='word_1_154' title='bbox 119 1341 257 1367; x_wconf 78' lang='lat' dir='ltr'>illustrem</span> <span class='ocrx_word' id='word_1_155' title='bbox 275 1344 303 1365; x_wconf 85' lang='lat' dir='ltr'>et</span> <span class='ocrx_word' id='word_1_156' title='bbox 320 1343 461 1373; x_wconf 84' lang='lat' dir='ltr'>potentem</span> <span class='ocrx_word' id='word_1_157' title='bbox 479 1339 624 1364; x_wconf 81' lang='lat' dir='ltr'>dominum</span> <span class='ocrx_word' id='word_1_158' title='bbox 642 1337 788 1363; x_wconf 88' lang='lat' dir='ltr'>dominum</span> <span class='ocrx_word' id='word_1_159' title='bbox 801 1336 962 1361; x_wconf 83' lang='lat' dir='ltr'>Johannem</span> <span class='ocrx_word' id='word_1_160' title='bbox 979 1335 1081 1361; x_wconf 88' lang='lat' dir='ltr'>ducem</span> 
     </span>
     <span class='ocr_line' id='line_1_22' title="bbox 118 1384 1082 1418; baseline -0.006 -3"><span class='ocrx_word' id='word_1_161' title='bbox 118 1389 330 1415; x_wconf 82' lang='lat' dir='ltr'>Bituricensem</span> <span class='ocrx_word' id='word_1_162' title='bbox 356 1388 448 1413; x_wconf 82' lang='lat' dir='ltr'>felicis</span> <span class='ocrx_word' id='word_1_163' title='bbox 475 1386 687 1413; x_wconf 78' lang='lat' dir='ltr'>recordacionis</span> <span class='ocrx_word' id='word_1_164' title='bbox 708 1385 823 1411; x_wconf 90' lang='lat' dir='ltr'>domino</span> <span class='ocrx_word' id='word_1_165' title='bbox 849 1384 987 1410; x_wconf 91' lang='lat' dir='ltr'>Clementi</span> <span class='ocrx_word' id='word_1_166' title='bbox 1010 1392 1082 1418; x_wconf 80' lang='lat' dir='ltr'>pape</span> 
     </span>
     <span class='ocr_line' id='line_1_23' title="bbox 117 1434 1081 1471; baseline -0.005 -8"><span class='ocrx_word' id='word_1_167' title='bbox 117 1437 241 1471; x_wconf 88' lang='lat' dir='ltr'>septimo</span> <span class='ocrx_word' id='word_1_168' title='bbox 260 1437 374 1462; x_wconf 81' lang='lat' dir='ltr'>nomine</span> <span class='ocrx_word' id='word_1_169' title='bbox 393 1445 446 1461; x_wconf 86' lang='lat' dir='ltr'>suo</span> <span class='ocrx_word' id='word_1_170' title='bbox 467 1439 495 1461; x_wconf 91' lang='lat' dir='ltr'>et</span> <span class='ocrx_word' id='word_1_171' title='bbox 514 1439 612 1461; x_wconf 88' lang='lat' dir='ltr'>sancte</span> <span class='ocrx_word' id='word_1_172' title='bbox 628 1434 757 1460; x_wconf 79' lang='lat' dir='ltr'>Romane</span> <span class='ocrx_word' id='word_1_173' title='bbox 777 1434 897 1460; x_wconf 82' lang='lat' dir='ltr'>ecclesie</span> <span class='ocrx_word' id='word_1_174' title='bbox 914 1442 946 1459; x_wconf 76' lang='lat' dir='ltr'>ac</span> <span class='ocrx_word' id='word_1_175' title='bbox 963 1440 1081 1459; x_wconf 92' lang='lat' dir='ltr'>suorum</span> 
     </span>
     <span class='ocr_line' id='line_1_24' title="bbox 121 1482 1083 1516; baseline -0.005 -5"><span class='ocrx_word' id='word_1_176' title='bbox 121 1486 150 1512; x_wconf 91' lang='lat' dir='ltr'>in</span> <span class='ocrx_word' id='word_1_177' title='bbox 175 1485 272 1511; x_wconf 86' lang='lat' dir='ltr'>eadem</span> <span class='ocrx_word' id='word_1_178' title='bbox 299 1485 419 1510; x_wconf 71' lang='lat' dir='ltr'>ecclesia</span> <span class='ocrx_word' id='word_1_179' title='bbox 444 1491 650 1510; x_wconf 82' lang='lat' dir='ltr'>successorum</span> <span class='ocrx_word' id='word_1_180' title='bbox 675 1490 923 1516; x_wconf 86' lang='lat' dir='ltr'>quorumcumque</span> <span class='ocrx_word' id='word_1_181' title='bbox 948 1482 1083 1507; x_wconf 87' lang='lat' dir='ltr'>canonice</span> 
     </span>
     <span class='ocr_line' id='line_1_25' title="bbox 120 1530 1082 1568; baseline -0.005 -8"><span class='ocrx_word' id='word_1_182' title='bbox 120 1535 311 1564; x_wconf 78' lang='lat' dir='ltr'>inti-aucium,</span> <span class='ocrx_word' id='word_1_183' title='bbox 333 1542 422 1568; x_wconf 85' lang='lat' dir='ltr'>super</span> <span class='ocrx_word' id='word_1_184' title='bbox 442 1533 547 1559; x_wconf 87' lang='lat' dir='ltr'>ceteris</span> <span class='ocrx_word' id='word_1_185' title='bbox 565 1533 590 1558; x_wconf 86' lang='lat' dir='ltr'>in</span> <span class='ocrx_word' id='word_1_186' title='bbox 609 1532 706 1558; x_wconf 87' lang='lat' dir='ltr'>eodem</span> <span class='ocrx_word' id='word_1_187' title='bbox 724 1532 914 1557; x_wconf 83' lang='lat' dir='ltr'>instrumento</span> <span class='ocrx_word' id='word_1_188' title='bbox 931 1530 1082 1556; x_wconf 86' lang='lat' dir='ltr'>contentis.</span> 
     </span>
     <span class='ocr_line' id='line_1_26' title="bbox 118 1579 1084 1618; baseline -0.005 -9"><span class='ocrx_word' id='word_1_189' title='bbox 118 1584 212 1618; x_wconf 82' lang='lat' dir='ltr'>Cujus</span> <span class='ocrx_word' id='word_1_190' title='bbox 234 1582 348 1617; x_wconf 85' lang='lat' dir='ltr'>quidem</span> <span class='ocrx_word' id='word_1_191' title='bbox 370 1582 553 1608; x_wconf 85' lang='lat' dir='ltr'>instrumenti</span> <span class='ocrx_word' id='word_1_192' title='bbox 578 1586 659 1607; x_wconf 87' lang='lat' dir='ltr'>tenor</span> <span class='ocrx_word' id='word_1_193' title='bbox 678 1580 712 1606; x_wconf 87' lang='lat' dir='ltr'>de</span> <span class='ocrx_word' id='word_1_194' title='bbox 733 1580 819 1605; x_wconf 88' lang='lat' dir='ltr'>verbo</span> <span class='ocrx_word' id='word_1_195' title='bbox 835 1580 868 1605; x_wconf 83' lang='lat' dir='ltr'>ad</span> <span class='ocrx_word' id='word_1_196' title='bbox 887 1580 1003 1605; x_wconf 85' lang='lat' dir='ltr'>verbum</span> <span class='ocrx_word' id='word_1_197' title='bbox 1021 1579 1084 1605; x_wconf 85' lang='lat' dir='ltr'>talis</span> 
     </span>
     <span class='ocr_line' id='line_1_27' title="bbox 118 1635 173 1657; baseline 0 0"><span class='ocrx_word' id='word_1_198' title='bbox 118 1635 173 1657; x_wconf 87' lang='lat' dir='ltr'>est.</span> 
     </span>
    </p>

    <p class='ocr_par' dir='ltr' id='par_1_3' title="bbox 121 1677 1093 2781">
     <span class='ocr_line' id='line_1_28' title="bbox 159 1677 1083 1711; baseline -0.002 -6"><span class='ocrx_word' id='word_1_199' title='bbox 159 1690 171 1702; x_wconf 74' lang='grc' dir='ltr'><strong>α</strong></span> <span class='ocrx_word' id='word_1_200' title='bbox 190 1679 221 1705; x_wconf 85' lang='lat' dir='ltr'>In</span> <span class='ocrx_word' id='word_1_201' title='bbox 239 1680 352 1705; x_wconf 86' lang='lat' dir='ltr'>nomine</span> <span class='ocrx_word' id='word_1_202' title='bbox 370 1678 496 1711; x_wconf 76' lang='lat' dir='ltr'>Domini,</span> <span class='ocrx_word' id='word_1_203' title='bbox 512 1687 605 1704; x_wconf 82' lang='lat' dir='ltr'>amen.</span> <span class='ocrx_word' id='word_1_204' title='bbox 626 1677 765 1703; x_wconf 79' lang='lat' dir='ltr'>Norerint</span> <span class='ocrx_word' id='word_1_205' title='bbox 782 1677 907 1703; x_wconf 89' lang='lat' dir='ltr'>universi</span> <span class='ocrx_word' id='word_1_206' title='bbox 923 1681 951 1702; x_wconf 87' lang='lat' dir='ltr'>et</span> <span class='ocrx_word' id='word_1_207' title='bbox 965 1677 1083 1711; x_wconf 86' lang='lat' dir='ltr'>singuli,</span> 
     </span>
     <span class='ocr_line' id='line_1_29' title="bbox 123 1726 1084 1762; baseline -0.003 -8"><span class='ocrx_word' id='word_1_208' title='bbox 123 1731 272 1762; x_wconf 72' lang='lat' dir='ltr'>presentes</span> <span class='ocrx_word' id='word_1_209' title='bbox 297 1727 400 1761; x_wconf 81' lang='lat' dir='ltr'>pariter</span> <span class='ocrx_word' id='word_1_210' title='bbox 415 1731 443 1753; x_wconf 89' lang='lat' dir='ltr'>et</span> <span class='ocrx_word' id='word_1_211' title='bbox 458 1727 558 1757; x_wconf 81' lang='lat' dir='ltr'>futuri,</span> <span class='ocrx_word' id='word_1_212' title='bbox 577 1726 651 1760; x_wconf 89' lang='lat' dir='ltr'>quod</span> <span class='ocrx_word' id='word_1_213' title='bbox 670 1734 743 1752; x_wconf 79' lang='lat' dir='ltr'>anno</span> <span class='ocrx_word' id='word_1_214' title='bbox 760 1735 774 1752; x_wconf 91' lang='lat' dir='ltr'>a</span> <span class='ocrx_word' id='word_1_215' title='bbox 792 1726 937 1751; x_wconf 68' lang='lat' dir='ltr'>nativitate</span> <span class='ocrx_word' id='word_1_216' title='bbox 953 1726 1084 1759; x_wconf 86' lang='lat' dir='ltr'>ejusdem</span> 
     </span>
     <span class='ocr_line' id='line_1_30' title="bbox 121 1775 1086 1809; baseline -0.003 -6"><span class='ocrx_word' id='word_1_217' title='bbox 121 1776 273 1803; x_wconf 88' lang='lat' dir='ltr'>millesimo</span> <span class='ocrx_word' id='word_1_218' title='bbox 299 1776 500 1802; x_wconf 85' lang='lat' dir='ltr'>trecentesimo</span> <span class='ocrx_word' id='word_1_219' title='bbox 527 1776 713 1809; x_wconf 80' lang='lat' dir='ltr'>nonagesimo</span> <span class='ocrx_word' id='word_1_220' title='bbox 735 1775 843 1809; x_wconf 79' lang='lat' dir='ltr'>prime,</span> <span class='ocrx_word' id='word_1_221' title='bbox 867 1779 893 1801; x_wconf 90' lang='lat' dir='ltr'>et</span> <span class='ocrx_word' id='word_1_222' title='bbox 920 1775 965 1801; x_wconf 89' lang='lat' dir='ltr'>die</span> <span class='ocrx_word' id='word_1_223' title='bbox 987 1775 1086 1809; x_wconf 84' lang='lat' dir='ltr'>quinta</span> 
     </span>
     <span class='ocr_line' id='line_1_31' title="bbox 121 1824 1084 1858; baseline -0.003 -6"><span class='ocrx_word' id='word_1_224' title='bbox 121 1825 230 1852; x_wconf 88' lang='lat' dir='ltr'>mensis</span> <span class='ocrx_word' id='word_1_225' title='bbox 247 1825 355 1856; x_wconf 71' lang='lat' dir='ltr'>marcii⁷</span> <span class='ocrx_word' id='word_1_226' title='bbox 374 1824 531 1850; x_wconf 86' lang='lat' dir='ltr'>indictione</span> <span class='ocrx_word' id='word_1_227' title='bbox 548 1824 650 1856; x_wconf 76' lang='lat' dir='ltr'>xlm,</span> <span class='ocrx_word' id='word_1_228' title='bbox 672 1824 854 1858; x_wconf 83' lang='lat' dir='ltr'>pontificatus</span> <span class='ocrx_word' id='word_1_229' title='bbox 869 1824 1044 1849; x_wconf 86' lang='lat' dir='ltr'>sanctissimi</span> <span class='ocrx_word' id='word_1_230' title='bbox 1058 1824 1084 1849; x_wconf 93' lang='lat' dir='ltr'>in</span> 
     </span>
     <span class='ocr_line' id='line_1_32' title="bbox 121 1872 1087 1908; baseline -0.003 -8"><span class='ocrx_word' id='word_1_231' title='bbox 121 1874 238 1901; x_wconf 85' lang='lat' dir='ltr'>Christo</span> <span class='ocrx_word' id='word_1_232' title='bbox 265 1875 352 1908; x_wconf 83' lang='lat' dir='ltr'>patris</span> <span class='ocrx_word' id='word_1_233' title='bbox 376 1878 404 1899; x_wconf 85' lang='lat' dir='ltr'>et</span> <span class='ocrx_word' id='word_1_234' title='bbox 428 1874 535 1899; x_wconf 89' lang='lat' dir='ltr'>domini</span> <span class='ocrx_word' id='word_1_235' title='bbox 559 1873 649 1899; x_wconf 88' lang='lat' dir='ltr'>nostri</span> <span class='ocrx_word' id='word_1_236' title='bbox 675 1873 782 1899; x_wconf 90' lang='lat' dir='ltr'>domini</span> <span class='ocrx_word' id='word_1_237' title='bbox 808 1872 964 1898; x_wconf 86' lang='lat' dir='ltr'>Clementis</span> <span class='ocrx_word' id='word_1_238' title='bbox 992 1872 1087 1898; x_wconf 87' lang='lat' dir='ltr'>divina</span> 
     </span>
     <span class='ocr_line' id='line_1_33' title="bbox 121 1922 1087 1958; baseline -0.002 -9"><span class='ocrx_word' id='word_1_239' title='bbox 121 1923 301 1958; x_wconf 67' lang='lat' dir='ltr'>providentia</span> <span class='ocrx_word' id='word_1_240' title='bbox 324 1931 394 1957; x_wconf 79' lang='lat' dir='ltr'>pape</span> <span class='ocrx_word' id='word_1_241' title='bbox 416 1922 470 1948; x_wconf 76' lang='lat' dir='ltr'>VH</span> <span class='ocrx_word' id='word_1_242' title='bbox 492 1930 566 1948; x_wconf 87' lang='lat' dir='ltr'>anuo</span> <span class='ocrx_word' id='word_1_243' title='bbox 582 1922 693 1948; x_wconf 85' lang='lat' dir='ltr'>decimo</span> <span class='ocrx_word' id='word_1_244' title='bbox 714 1922 815 1952; x_wconf 87' lang='lat' dir='ltr'>tercio,</span> <span class='ocrx_word' id='word_1_245' title='bbox 833 1922 1008 1948; x_wconf 84' lang='lat' dir='ltr'>constitutus</span> <span class='ocrx_word' id='word_1_246' title='bbox 1025 1930 1087 1956; x_wconf 86' lang='lat' dir='ltr'>per-</span> 
     </span>
     <span class='ocr_line' id='line_1_34' title="bbox 121 1970 1087 2006; baseline -0.002 -8"><span class='ocrx_word' id='word_1_247' title='bbox 121 1972 258 1998; x_wconf 86' lang='lat' dir='ltr'>sonaliter</span> <span class='ocrx_word' id='word_1_248' title='bbox 280 1971 306 1997; x_wconf 92' lang='lat' dir='ltr'>in</span> <span class='ocrx_word' id='word_1_249' title='bbox 328 1972 470 2006; x_wconf 79' lang='lat' dir='ltr'>presentia</span> <span class='ocrx_word' id='word_1_250' title='bbox 490 1971 583 2005; x_wconf 88' lang='lat' dir='ltr'>ipsius</span> <span class='ocrx_word' id='word_1_251' title='bbox 602 1971 708 1996; x_wconf 91' lang='lat' dir='ltr'>domini</span> <span class='ocrx_word' id='word_1_252' title='bbox 729 1972 817 1996; x_wconf 88' lang='lat' dir='ltr'>nostri</span> <span class='ocrx_word' id='word_1_253' title='bbox 832 1979 865 1997; x_wconf 83' lang='lat' dir='ltr'>ac</span> <span class='ocrx_word' id='word_1_254' title='bbox 882 1970 1087 1996; x_wconf 83' lang='lat' dir='ltr'>reverendissi-</span> 
     </span>
     <span class='ocr_line' id='line_1_35' title="bbox 123 2019 1088 2054; baseline -0.002 -8"><span class='ocrx_word' id='word_1_255' title='bbox 123 2028 236 2046; x_wconf 88' lang='lat' dir='ltr'>morum</span> <span class='ocrx_word' id='word_1_256' title='bbox 253 2020 279 2046; x_wconf 94' lang='lat' dir='ltr'>in</span> <span class='ocrx_word' id='word_1_257' title='bbox 298 2019 411 2046; x_wconf 85' lang='lat' dir='ltr'>Christo</span> <span class='ocrx_word' id='word_1_258' title='bbox 428 2024 539 2054; x_wconf 86' lang='lat' dir='ltr'>patrum</span> <span class='ocrx_word' id='word_1_259' title='bbox 556 2023 584 2045; x_wconf 86' lang='lat' dir='ltr'>et</span> <span class='ocrx_word' id='word_1_260' title='bbox 599 2019 779 2045; x_wconf 90' lang='lat' dir='ltr'>dominorum</span> <span class='ocrx_word' id='word_1_261' title='bbox 794 2019 972 2045; x_wconf 85' lang='lat' dir='ltr'>dominorum</span> <span class='ocrx_word' id='word_1_262' title='bbox 989 2023 1088 2045; x_wconf 87' lang='lat' dir='ltr'>sancte</span> 
     </span>
     <span class='ocr_line' id='line_1_36' title="bbox 121 2067 1088 2102; baseline -0.003 -7"><span class='ocrx_word' id='word_1_263' title='bbox 121 2069 251 2096; x_wconf 89' lang='lat' dir='ltr'>Ecclesie</span> <span class='ocrx_word' id='word_1_264' title='bbox 276 2069 463 2095; x_wconf 79' lang='lat' dir='ltr'>cardinalium</span> <span class='ocrx_word' id='word_1_265' title='bbox 489 2069 601 2102; x_wconf 83' lang='lat' dir='ltr'>meique</span> <span class='ocrx_word' id='word_1_266' title='bbox 627 2068 775 2095; x_wconf 87' lang='lat' dir='ltr'>Guillermi</span> <span class='ocrx_word' id='word_1_267' title='bbox 804 2067 838 2093; x_wconf 89' lang='lat' dir='ltr'>de</span> <span class='ocrx_word' id='word_1_268' title='bbox 866 2067 951 2097; x_wconf 85' lang='lat' dir='ltr'>Lacu,</span> <span class='ocrx_word' id='word_1_269' title='bbox 976 2075 1088 2093; x_wconf 79' lang='lat' dir='ltr'>camere</span> 
     </span>
     <span class='ocr_line' id='line_1_37' title="bbox 122 2116 1089 2152; baseline -0.003 -8"><span class='ocrx_word' id='word_1_270' title='bbox 122 2118 279 2152; x_wconf 87' lang='lat' dir='ltr'>apostolice</span> <span class='ocrx_word' id='word_1_271' title='bbox 305 2117 411 2149; x_wconf 74' lang='lat' dir='ltr'>clerici,</span> <span class='ocrx_word' id='word_1_272' title='bbox 439 2121 466 2143; x_wconf 89' lang='lat' dir='ltr'>et</span> <span class='ocrx_word' id='word_1_273' title='bbox 492 2117 609 2143; x_wconf 86' lang='lat' dir='ltr'>testium</span> <span class='ocrx_word' id='word_1_274' title='bbox 636 2117 893 2150; x_wconf 76' lang='lat' dir='ltr'>infrascriptorum,</span> <span class='ocrx_word' id='word_1_275' title='bbox 918 2116 1036 2141; x_wconf 92' lang='lat' dir='ltr'>illustris</span> <span class='ocrx_word' id='word_1_276' title='bbox 1061 2119 1089 2141; x_wconf 92' lang='lat' dir='ltr'>et</span> 
     </span>
     <span class='ocr_line' id='line_1_38' title="bbox 123 2164 1089 2201; baseline -0.003 -9"><span class='ocrx_word' id='word_1_277' title='bbox 123 2170 228 2201; x_wconf 87' lang='lat' dir='ltr'>potens</span> <span class='ocrx_word' id='word_1_278' title='bbox 243 2167 378 2192; x_wconf 87' lang='lat' dir='ltr'>domiuus</span> <span class='ocrx_word' id='word_1_279' title='bbox 394 2165 527 2191; x_wconf 88' lang='lat' dir='ltr'>dominus</span> <span class='ocrx_word' id='word_1_280' title='bbox 543 2165 691 2191; x_wconf 81' lang='lat' dir='ltr'>Johannes</span> <span class='ocrx_word' id='word_1_281' title='bbox 707 2165 764 2190; x_wconf 82' lang='lat' dir='ltr'>dux</span> <span class='ocrx_word' id='word_1_282' title='bbox 783 2164 983 2196; x_wconf 81' lang='lat' dir='ltr'>Bituriccnsis,</span> <span class='ocrx_word' id='word_1_283' title='bbox 999 2165 1089 2197; x_wconf 82' lang='lat' dir='ltr'>gratis</span> 
     </span>
     <span class='ocr_line' id='line_1_39' title="bbox 122 2213 1089 2247; baseline -0.003 -6"><span class='ocrx_word' id='word_1_284' title='bbox 122 2219 151 2241; x_wconf 84' lang='lat' dir='ltr'>et</span> <span class='ocrx_word' id='word_1_285' title='bbox 166 2223 201 2240; x_wconf 86' lang='lat' dir='ltr'>ex</span> <span class='ocrx_word' id='word_1_286' title='bbox 217 2215 262 2241; x_wconf 87' lang='lat' dir='ltr'>sui</span> <span class='ocrx_word' id='word_1_287' title='bbox 279 2218 357 2240; x_wconf 85' lang='lat' dir='ltr'>certa</span> <span class='ocrx_word' id='word_1_288' title='bbox 371 2215 490 2240; x_wconf 75' lang='lat' dir='ltr'>scientia</span> <span class='ocrx_word' id='word_1_289' title='bbox 505 2219 533 2240; x_wconf 83' lang='lat' dir='ltr'>et</span> <span class='ocrx_word' id='word_1_290' title='bbox 549 2214 704 2240; x_wconf 78' lang='lat' dir='ltr'>deliberato</span> <span class='ocrx_word' id='word_1_291' title='bbox 720 2214 824 2243; x_wconf 90' lang='lat' dir='ltr'>animo,</span> <span class='ocrx_word' id='word_1_292' title='bbox 842 2217 926 2247; x_wconf 90' lang='lat' dir='ltr'>prout</span> <span class='ocrx_word' id='word_1_293' title='bbox 939 2213 1019 2243; x_wconf 87' lang='lat' dir='ltr'>dixit,</span> <span class='ocrx_word' id='word_1_294' title='bbox 1038 2221 1089 2238; x_wconf 81' lang='lat' dir='ltr'>no-</span> 
     </span>
     <span class='ocr_line' id='line_1_40' title="bbox 122 2262 1089 2296; baseline -0.003 -7"><span class='ocrx_word' id='word_1_295' title='bbox 122 2264 200 2290; x_wconf 89' lang='lat' dir='ltr'>mine</span> <span class='ocrx_word' id='word_1_296' title='bbox 215 2272 268 2289; x_wconf 90' lang='lat' dir='ltr'>suo</span> <span class='ocrx_word' id='word_1_297' title='bbox 284 2271 462 2296; x_wconf 87' lang='lat' dir='ltr'>suorumque</span> <span class='ocrx_word' id='word_1_298' title='bbox 479 2262 618 2288; x_wconf 81' lang='lat' dir='ltr'>heredum</span> <span class='ocrx_word' id='word_1_299' title='bbox 635 2267 663 2288; x_wconf 88' lang='lat' dir='ltr'>et</span> <span class='ocrx_word' id='word_1_300' title='bbox 678 2262 704 2287; x_wconf 92' lang='lat' dir='ltr'>in</span> <span class='ocrx_word' id='word_1_301' title='bbox 723 2270 780 2287; x_wconf 89' lang='lat' dir='ltr'>rem</span> <span class='ocrx_word' id='word_1_302' title='bbox 797 2269 1000 2287; x_wconf 87' lang='lat' dir='ltr'>successorum</span> <span class='ocrx_word' id='word_1_303' title='bbox 1017 2269 1089 2294; x_wconf 87' lang='lat' dir='ltr'>quo-</span> 
     </span>
     <span class='ocr_line' id='line_1_41' title="bbox 124 2310 1089 2345; baseline -0.003 -7"><span class='ocrx_word' id='word_1_304' title='bbox 124 2319 314 2345; x_wconf 88' lang='lat' dir='ltr'>rumcumque</span> <span class='ocrx_word' id='word_1_305' title='bbox 327 2311 482 2337; x_wconf 81' lang='lat' dir='ltr'>confessus</span> <span class='ocrx_word' id='word_1_306' title='bbox 493 2311 546 2337; x_wconf 86' lang='lat' dir='ltr'>fuit</span> <span class='ocrx_word' id='word_1_307' title='bbox 561 2314 589 2336; x_wconf 89' lang='lat' dir='ltr'>et</span> <span class='ocrx_word' id='word_1_308' title='bbox 605 2310 634 2336; x_wconf 88' lang='lat' dir='ltr'>in</span> <span class='ocrx_word' id='word_1_309' title='bbox 646 2311 764 2336; x_wconf 87' lang='lat' dir='ltr'>veritate</span> <span class='ocrx_word' id='word_1_310' title='bbox 777 2310 866 2344; x_wconf 84' lang='lat' dir='ltr'>palam</span> <span class='ocrx_word' id='word_1_311' title='bbox 878 2315 906 2336; x_wconf 88' lang='lat' dir='ltr'>et</span> <span class='ocrx_word' id='word_1_312' title='bbox 917 2310 1030 2344; x_wconf 86' lang='lat' dir='ltr'>publice</span> <span class='ocrx_word' id='word_1_313' title='bbox 1043 2318 1089 2335; x_wconf 91' lang='lat' dir='ltr'>re-</span> 
     </span>
     <span class='ocr_line' id='line_1_42' title="bbox 124 2359 1090 2395; baseline -0.002 -9"><span class='ocrx_word' id='word_1_314' title='bbox 124 2361 261 2395; x_wconf 78' lang='lat' dir='ltr'>cognovit</span> <span class='ocrx_word' id='word_1_315' title='bbox 278 2360 384 2394; x_wconf 84' lang='lat' dir='ltr'>prefato</span> <span class='ocrx_word' id='word_1_316' title='bbox 402 2359 518 2385; x_wconf 87' lang='lat' dir='ltr'>domiuo</span> <span class='ocrx_word' id='word_1_317' title='bbox 534 2364 633 2385; x_wconf 88' lang='lat' dir='ltr'>uostro</span> <span class='ocrx_word' id='word_1_318' title='bbox 647 2367 718 2393; x_wconf 87' lang='lat' dir='ltr'>pape</span> <span class='ocrx_word' id='word_1_319' title='bbox 731 2359 857 2393; x_wconf 86' lang='lat' dir='ltr'>presenti</span> <span class='ocrx_word' id='word_1_320' title='bbox 871 2359 983 2384; x_wconf 90' lang='lat' dir='ltr'>nomine</span> <span class='ocrx_word' id='word_1_321' title='bbox 997 2366 1051 2384; x_wconf 89' lang='lat' dir='ltr'>suo</span> <span class='ocrx_word' id='word_1_322' title='bbox 1062 2362 1090 2384; x_wconf 86' lang='lat' dir='ltr'>et</span> 
     </span>
     <span class='ocr_line' id='line_1_43' title="bbox 127 2407 1090 2435; baseline -0.003 0"><span class='ocrx_word' id='word_1_323' title='bbox 127 2413 227 2435; x_wconf 77' lang='lat' dir='ltr'>sancte</span> <span class='ocrx_word' id='word_1_324' title='bbox 239 2407 368 2434; x_wconf 85' lang='lat' dir='ltr'>Romane</span> <span class='ocrx_word' id='word_1_325' title='bbox 385 2408 507 2434; x_wconf 85' lang='lat' dir='ltr'>ecclesie</span> <span class='ocrx_word' id='word_1_326' title='bbox 519 2415 552 2433; x_wconf 86' lang='lat' dir='ltr'>ac</span> <span class='ocrx_word' id='word_1_327' title='bbox 563 2416 680 2433; x_wconf 88' lang='lat' dir='ltr'>suorum</span> <span class='ocrx_word' id='word_1_328' title='bbox 692 2407 719 2433; x_wconf 91' lang='lat' dir='ltr'>in</span> <span class='ocrx_word' id='word_1_329' title='bbox 732 2407 829 2432; x_wconf 83' lang='lat' dir='ltr'>eadem</span> <span class='ocrx_word' id='word_1_330' title='bbox 841 2407 963 2432; x_wconf 80' lang='lat' dir='ltr'>ecclesia</span> <span class='ocrx_word' id='word_1_331' title='bbox 974 2414 1090 2432; x_wconf 88' lang='lat' dir='ltr'>succes-</span> 
     </span>
     <span class='ocr_line' id='line_1_44' title="bbox 127 2455 1091 2490; baseline -0.003 -7"><span class='ocrx_word' id='word_1_332' title='bbox 127 2465 225 2483; x_wconf 89' lang='lat' dir='ltr'>sorum</span> <span class='ocrx_word' id='word_1_333' title='bbox 243 2464 492 2490; x_wconf 78' lang='lat' dir='ltr'>quorumeumque</span> <span class='ocrx_word' id='word_1_334' title='bbox 507 2457 644 2482; x_wconf 89' lang='lat' dir='ltr'>canonice</span> <span class='ocrx_word' id='word_1_335' title='bbox 661 2455 831 2481; x_wconf 87' lang='lat' dir='ltr'>intraneium</span> <span class='ocrx_word' id='word_1_336' title='bbox 844 2455 991 2489; x_wconf 82' lang='lat' dir='ltr'>stipulanti</span> <span class='ocrx_word' id='word_1_337' title='bbox 1005 2459 1033 2480; x_wconf 83' lang='lat' dir='ltr'>et</span> <span class='ocrx_word' id='word_1_338' title='bbox 1045 2463 1091 2480; x_wconf 90' lang='lat' dir='ltr'>re-</span> 
     </span>
     <span class='ocr_line' id='line_1_45' title="bbox 126 2503 1091 2540; baseline -0.003 -9"><span class='ocrx_word' id='word_1_339' title='bbox 126 2505 256 2540; x_wconf 75' lang='lat' dir='ltr'>cipienti,</span> <span class='ocrx_word' id='word_1_340' title='bbox 271 2513 302 2530; x_wconf 83' lang='lat' dir='ltr'>se</span> <span class='ocrx_word' id='word_1_341' title='bbox 317 2510 413 2530; x_wconf 68' lang='lat' dir='ltr'>tent-re</span> <span class='ocrx_word' id='word_1_342' title='bbox 425 2508 452 2530; x_wconf 89' lang='lat' dir='ltr'>et</span> <span class='ocrx_word' id='word_1_343' title='bbox 465 2504 612 2538; x_wconf 88' lang='lat' dir='ltr'>possidere</span> <span class='ocrx_word' id='word_1_344' title='bbox 627 2512 660 2530; x_wconf 81' lang='lat' dir='ltr'>ac</span> <span class='ocrx_word' id='word_1_345' title='bbox 675 2509 770 2529; x_wconf 88' lang='lat' dir='ltr'>tenere</span> <span class='ocrx_word' id='word_1_346' title='bbox 782 2508 810 2529; x_wconf 84' lang='lat' dir='ltr'>et</span> <span class='ocrx_word' id='word_1_347' title='bbox 822 2503 968 2537; x_wconf 86' lang='lat' dir='ltr'>possidere</span> <span class='ocrx_word' id='word_1_348' title='bbox 982 2503 1052 2528; x_wconf 85' lang='lat' dir='ltr'>velle</span> <span class='ocrx_word' id='word_1_349' title='bbox 1064 2506 1091 2528; x_wconf 89' lang='lat' dir='ltr'>et</span> 
     </span>
     <span class='ocr_line' id='line_1_46' title="bbox 124 2552 1091 2587; baseline -0.004 -7"><span class='ocrx_word' id='word_1_350' title='bbox 124 2554 229 2580; x_wconf 88' lang='lat' dir='ltr'>debere</span> <span class='ocrx_word' id='word_1_351' title='bbox 249 2561 377 2587; x_wconf 82' lang='lat' dir='ltr'>suosque</span> <span class='ocrx_word' id='word_1_352' title='bbox 394 2558 595 2579; x_wconf 81' lang='lat' dir='ltr'>antecessores</span> <span class='ocrx_word' id='word_1_353' title='bbox 611 2561 660 2578; x_wconf 85' lang='lat' dir='ltr'>seu</span> <span class='ocrx_word' id='word_1_354' title='bbox 678 2553 741 2578; x_wconf 89' lang='lat' dir='ltr'>illos</span> <span class='ocrx_word' id='word_1_355' title='bbox 756 2562 770 2578; x_wconf 84' lang='lat' dir='ltr'>a</span> <span class='ocrx_word' id='word_1_356' title='bbox 787 2552 892 2586; x_wconf 85' lang='lat' dir='ltr'>quibus</span> <span class='ocrx_word' id='word_1_357' title='bbox 908 2560 1023 2577; x_wconf 87' lang='lat' dir='ltr'>eausam</span> <span class='ocrx_word' id='word_1_358' title='bbox 1041 2552 1091 2577; x_wconf 85' lang='lat' dir='ltr'>ha-</span> 
     </span>
     <span class='ocr_line' id='line_1_47' title="bbox 125 2600 1092 2636; baseline -0.004 -7"><span class='ocrx_word' id='word_1_359' title='bbox 125 2603 174 2629; x_wconf 87' lang='lat' dir='ltr'>bet</span> <span class='ocrx_word' id='word_1_360' title='bbox 196 2603 326 2628; x_wconf 85' lang='lat' dir='ltr'>tenuisse</span> <span class='ocrx_word' id='word_1_361' title='bbox 350 2611 383 2628; x_wconf 87' lang='lat' dir='ltr'>ac</span> <span class='ocrx_word' id='word_1_362' title='bbox 404 2606 501 2627; x_wconf 88' lang='lat' dir='ltr'>tenere</span> <span class='ocrx_word' id='word_1_363' title='bbox 522 2605 549 2627; x_wconf 90' lang='lat' dir='ltr'>et</span> <span class='ocrx_word' id='word_1_364' title='bbox 569 2600 717 2636; x_wconf 88' lang='lat' dir='ltr'>possidere</span> <span class='ocrx_word' id='word_1_365' title='bbox 738 2600 872 2626; x_wconf 83' lang='lat' dir='ltr'>debuisse</span> <span class='ocrx_word' id='word_1_366' title='bbox 890 2600 916 2625; x_wconf 94' lang='lat' dir='ltr'>in</span> <span class='ocrx_word' id='word_1_367' title='bbox 933 2600 1047 2626; x_wconf 85' lang='lat' dir='ltr'>feodum</span> <span class='ocrx_word' id='word_1_368' title='bbox 1064 2603 1092 2625; x_wconf 89' lang='lat' dir='ltr'>et</span> 
     </span>
     <span class='ocr_line' id='line_1_48' title="bbox 126 2649 1092 2685; baseline -0.004 -8"><span class='ocrx_word' id='word_1_369' title='bbox 126 2651 182 2678; x_wconf 87' lang='lat' dir='ltr'>sub</span> <span class='ocrx_word' id='word_1_370' title='bbox 205 2651 288 2685; x_wconf 86' lang='lat' dir='ltr'>pleno</span> <span class='ocrx_word' id='word_1_371' title='bbox 309 2659 342 2676; x_wconf 89' lang='lat' dir='ltr'>ac</span> <span class='ocrx_word' id='word_1_372' title='bbox 361 2650 469 2676; x_wconf 88' lang='lat' dir='ltr'>directo</span> <span class='ocrx_word' id='word_1_373' title='bbox 486 2649 612 2675; x_wconf 85' lang='lat' dir='ltr'>dominio</span> <span class='ocrx_word' id='word_1_374' title='bbox 632 2649 725 2684; x_wconf 84' lang='lat' dir='ltr'>ipsius</span> <span class='ocrx_word' id='word_1_375' title='bbox 741 2649 849 2675; x_wconf 89' lang='lat' dir='ltr'>domini</span> <span class='ocrx_word' id='word_1_376' title='bbox 866 2649 955 2674; x_wconf 85' lang='lat' dir='ltr'>nostri</span> <span class='ocrx_word' id='word_1_377' title='bbox 971 2656 1042 2682; x_wconf 83' lang='lat' dir='ltr'>pape</span> <span class='ocrx_word' id='word_1_378' title='bbox 1060 2656 1092 2674; x_wconf 89' lang='lat' dir='ltr'>ac</span> 
     </span>
     <span class='ocr_line' id='line_1_49' title="bbox 126 2698 1091 2732; baseline -0.004 -6"><span class='ocrx_word' id='word_1_379' title='bbox 126 2700 252 2726; x_wconf 86' lang='lat' dir='ltr'>ecclesie</span> <span class='ocrx_word' id='word_1_380' title='bbox 268 2699 397 2725; x_wconf 82' lang='lat' dir='ltr'>Romane</span> <span class='ocrx_word' id='word_1_381' title='bbox 413 2703 442 2725; x_wconf 88' lang='lat' dir='ltr'>et</span> <span class='ocrx_word' id='word_1_382' title='bbox 455 2706 661 2725; x_wconf 86' lang='lat' dir='ltr'>successorum</span> <span class='ocrx_word' id='word_1_383' title='bbox 677 2706 794 2724; x_wconf 88' lang='lat' dir='ltr'>suorum</span> <span class='ocrx_word' id='word_1_384' title='bbox 813 2698 1013 2732; x_wconf 87' lang='lat' dir='ltr'>predictorum,</span> <span class='ocrx_word' id='word_1_385' title='bbox 1027 2704 1091 2722; x_wconf 91' lang='lat' dir='ltr'>cum</span> 
     </span>
     <span class='ocr_line' id='line_1_50' title="bbox 126 2746 1093 2781; baseline -0.003 -7"><span class='ocrx_word' id='word_1_386' title='bbox 126 2752 155 2775; x_wconf 82' lang='lat' dir='ltr'>et</span> <span class='ocrx_word' id='word_1_387' title='bbox 171 2749 226 2774; x_wconf 91' lang='lat' dir='ltr'>sub</span> <span class='ocrx_word' id='word_1_388' title='bbox 242 2748 380 2774; x_wconf 87' lang='lat' dir='ltr'>censibus</span> <span class='ocrx_word' id='word_1_389' title='bbox 397 2756 448 2774; x_wconf 90' lang='lat' dir='ltr'>seu</span> <span class='ocrx_word' id='word_1_390' title='bbox 466 2747 597 2773; x_wconf 84' lang='lat' dir='ltr'>serviciis</span> <span class='ocrx_word' id='word_1_391' title='bbox 613 2755 646 2773; x_wconf 79' lang='lat' dir='ltr'>ac</span> <span class='ocrx_word' id='word_1_392' title='bbox 661 2746 794 2781; x_wconf 84' lang='lat' dir='ltr'>homagio</span> <span class='ocrx_word' id='word_1_393' title='bbox 809 2751 837 2772; x_wconf 86' lang='lat' dir='ltr'>et</span> <span class='ocrx_word' id='word_1_394' title='bbox 853 2746 996 2772; x_wconf 84' lang='lat' dir='ltr'>fidelitatis</span> <span class='ocrx_word' id='word_1_395' title='bbox 1012 2746 1093 2779; x_wconf 85' lang='lat' dir='ltr'>jura-</span> 
     </span>
    </p>
   </div>
   <div class='ocr_carea' id='block_1_3' title="bbox 1185 407 2173 2868">
    <p class='ocr_par' dir='ltr' id='par_1_4' title="bbox 1185 407 2173 2868">
     <span class='ocr_line' id='line_1_51' title="bbox 1188 407 2145 443; baseline -0.006 -6"><span class='ocrx_word' id='word_1_396' title='bbox 1188 415 1283 438; x_wconf 87' lang='lat' dir='ltr'>mento</span> <span class='ocrx_word' id='word_1_397' title='bbox 1307 410 1427 436; x_wconf 83' lang='lat' dir='ltr'>inferius</span> <span class='ocrx_word' id='word_1_398' title='bbox 1446 410 1604 440; x_wconf 61' lang='lat' dir='ltr'>designatis</span> <span class='ocrx_word' id='word_1_399' title='bbox 1628 417 1673 435; x_wconf 69' lang='lat' dir='ltr'>res</span> <span class='ocrx_word' id='word_1_400' title='bbox 1695 417 1750 443; x_wconf 89' lang='lat' dir='ltr'>que</span> <span class='ocrx_word' id='word_1_401' title='bbox 1770 412 1940 442; x_wconf 88' lang='lat' dir='ltr'>sequuntur.</span> <span class='ocrx_word' id='word_1_402' title='bbox 1964 407 2057 433; x_wconf 86' lang='lat' dir='ltr'>Primo</span> <span class='ocrx_word' id='word_1_403' title='bbox 2080 413 2145 432; x_wconf 85' lang='lat' dir='ltr'>cas-</span> 
     </span>
     <span class='ocr_line' id='line_1_52' title="bbox 1188 455 2144 486; baseline -0.005 -1"><span class='ocrx_word' id='word_1_404' title='bbox 1188 463 1262 486; x_wconf 86' lang='lat' dir='ltr'>trum</span> <span class='ocrx_word' id='word_1_405' title='bbox 1286 463 1314 485; x_wconf 89' lang='lat' dir='ltr'>et</span> <span class='ocrx_word' id='word_1_406' title='bbox 1339 459 1430 484; x_wconf 85' lang='lat' dir='ltr'>villam</span> <span class='ocrx_word' id='word_1_407' title='bbox 1458 458 1492 483; x_wconf 87' lang='lat' dir='ltr'>de</span> <span class='ocrx_word' id='word_1_408' title='bbox 1518 457 1642 484; x_wconf 88' lang='lat' dir='ltr'>Ussonio</span> <span class='ocrx_word' id='word_1_409' title='bbox 1665 456 1908 483; x_wconf 76' lang='lat' dir='ltr'>claromontensis</span> <span class='ocrx_word' id='word_1_410' title='bbox 1932 455 2057 481; x_wconf 80' lang='lat' dir='ltr'>diocesis</span> <span class='ocrx_word' id='word_1_411' title='bbox 2079 462 2144 480; x_wconf 91' lang='lat' dir='ltr'>cum</span> 
     </span>
     <span class='ocr_line' id='line_1_53' title="bbox 1188 503 2147 539; baseline -0.006 -5"><span class='ocrx_word' id='word_1_412' title='bbox 1188 512 1247 534; x_wconf 89' lang='lat' dir='ltr'>toto</span> <span class='ocrx_word' id='word_1_413' title='bbox 1279 516 1332 533; x_wconf 88' lang='lat' dir='ltr'>suo</span> <span class='ocrx_word' id='word_1_414' title='bbox 1363 507 1521 536; x_wconf 84' lang='lat' dir='ltr'>territorio.</span> <span class='ocrx_word' id='word_1_415' title='bbox 1556 506 1704 538; x_wconf 83' lang='lat' dir='ltr'>districtu,</span> <span class='ocrx_word' id='word_1_416' title='bbox 1729 504 1928 539; x_wconf 87' lang='lat' dir='ltr'>jurisdictione</span> <span class='ocrx_word' id='word_1_417' title='bbox 1957 507 1984 529; x_wconf 88' lang='lat' dir='ltr'>et</span> <span class='ocrx_word' id='word_1_418' title='bbox 2013 503 2147 529; x_wconf 87' lang='lat' dir='ltr'>omnibus</span> 
     </span>
     <span class='ocr_line' id='line_1_54' title="bbox 1185 552 2146 590; baseline -0.005 -8"><span class='ocrx_word' id='word_1_419' title='bbox 1185 556 1301 590; x_wconf 87' lang='lat' dir='ltr'>juribus</span> <span class='ocrx_word' id='word_1_420' title='bbox 1323 559 1350 582; x_wconf 89' lang='lat' dir='ltr'>et</span> <span class='ocrx_word' id='word_1_421' title='bbox 1374 555 1557 589; x_wconf 78' lang='lat' dir='ltr'>pertinenciis</span> <span class='ocrx_word' id='word_1_422' title='bbox 1580 554 1707 588; x_wconf 83' lang='lat' dir='ltr'>ejusdem</span> <span class='ocrx_word' id='word_1_423' title='bbox 1730 554 1971 587; x_wconf 88' lang='lat' dir='ltr'>quibuscumque,</span> <span class='ocrx_word' id='word_1_424' title='bbox 1988 552 2041 578; x_wconf 88' lang='lat' dir='ltr'>sub</span> <span class='ocrx_word' id='word_1_425' title='bbox 2057 559 2146 577; x_wconf 85' lang='lat' dir='ltr'>censu</span> 
     </span>
     <span class='ocr_line' id='line_1_55' title="bbox 1189 599 2150 632; baseline -0.006 -2"><span class='ocrx_word' id='word_1_426' title='bbox 1189 613 1241 631; x_wconf 85' lang='lat' dir='ltr'>seu</span> <span class='ocrx_word' id='word_1_427' title='bbox 1259 604 1381 630; x_wconf 84' lang='lat' dir='ltr'>servicio</span> <span class='ocrx_word' id='word_1_428' title='bbox 1403 604 1506 628; x_wconf 86' lang='lat' dir='ltr'>annuis</span> <span class='ocrx_word' id='word_1_429' title='bbox 1531 604 1615 628; x_wconf 85' lang='lat' dir='ltr'>unius</span> <span class='ocrx_word' id='word_1_430' title='bbox 1640 602 1721 628; x_wconf 86' lang='lat' dir='ltr'>uncie</span> <span class='ocrx_word' id='word_1_431' title='bbox 1744 603 1805 627; x_wconf 87' lang='lat' dir='ltr'>auri</span> <span class='ocrx_word' id='word_1_432' title='bbox 1828 601 1885 631; x_wconf 75' lang='lat' dir='ltr'>fini,</span> <span class='ocrx_word' id='word_1_433' title='bbox 1910 601 1992 626; x_wconf 85' lang='lat' dir='ltr'>annis</span> <span class='ocrx_word' id='word_1_434' title='bbox 2015 599 2150 632; x_wconf 69' lang='lat' dir='ltr'>singulis,</span> 
     </span>
     <span class='ocr_line' id='line_1_56' title="bbox 1191 648 2146 684; baseline -0.006 -5"><span class='ocrx_word' id='word_1_435' title='bbox 1191 657 1297 679; x_wconf 85' lang='lat' dir='ltr'>statuto</span> <span class='ocrx_word' id='word_1_436' title='bbox 1320 657 1347 678; x_wconf 84' lang='lat' dir='ltr'>et</span> <span class='ocrx_word' id='word_1_437' title='bbox 1370 656 1509 677; x_wconf 83' lang='lat' dir='ltr'>consueto</span> <span class='ocrx_word' id='word_1_438' title='bbox 1532 651 1651 676; x_wconf 85' lang='lat' dir='ltr'>termino</span> <span class='ocrx_word' id='word_1_439' title='bbox 1675 651 1780 684; x_wconf 75' lang='lat' dir='ltr'>prefate</span> <span class='ocrx_word' id='word_1_440' title='bbox 1803 649 1928 675; x_wconf 73' lang='lat' dir='ltr'>Romane</span> <span class='ocrx_word' id='word_1_441' title='bbox 1948 648 2068 674; x_wconf 76' lang='lat' dir='ltr'>ecclesie</span> <span class='ocrx_word' id='word_1_442' title='bbox 2087 656 2146 682; x_wconf 89' lang='lat' dir='ltr'>per-</span> 
     </span>
     <span class='ocr_line' id='line_1_57' title="bbox 1192 696 2149 736; baseline -0.005 -10"><span class='ocrx_word' id='word_1_443' title='bbox 1192 704 1278 736; x_wconf 87' lang='lat' dir='ltr'>petuo</span> <span class='ocrx_word' id='word_1_444' title='bbox 1301 699 1446 726; x_wconf 82' lang='lat' dir='ltr'>solvende.</span> <span class='ocrx_word' id='word_1_445' title='bbox 1470 699 1531 730; x_wconf 72' lang='lat' dir='ltr'>Quo</span> <span class='ocrx_word' id='word_1_446' title='bbox 1552 699 1664 732; x_wconf 84' lang='lat' dir='ltr'>quidem</span> <span class='ocrx_word' id='word_1_447' title='bbox 1686 703 1810 724; x_wconf 75' lang='lat' dir='ltr'>castrum</span> <span class='ocrx_word' id='word_1_448' title='bbox 1832 702 1860 723; x_wconf 86' lang='lat' dir='ltr'>et</span> <span class='ocrx_word' id='word_1_449' title='bbox 1876 697 1965 722; x_wconf 80' lang='lat' dir='ltr'>villam</span> <span class='ocrx_word' id='word_1_450' title='bbox 1983 705 2047 722; x_wconf 90' lang='lat' dir='ltr'>cum</span> <span class='ocrx_word' id='word_1_451' title='bbox 2065 696 2149 721; x_wconf 87' lang='lat' dir='ltr'>terri-</span> 
     </span>
     <span class='ocr_line' id='line_1_58' title="bbox 1191 744 2148 781; baseline -0.006 -6"><span class='ocrx_word' id='word_1_452' title='bbox 1191 750 1274 779; x_wconf 86' lang='lat' dir='ltr'>torio,</span> <span class='ocrx_word' id='word_1_453' title='bbox 1291 748 1434 778; x_wconf 75' lang='lat' dir='ltr'>districtu,</span> <span class='ocrx_word' id='word_1_454' title='bbox 1449 747 1660 781; x_wconf 81' lang='lat' dir='ltr'>jurisdictione.</span> <span class='ocrx_word' id='word_1_455' title='bbox 1676 747 1791 780; x_wconf 83' lang='lat' dir='ltr'>juribus</span> <span class='ocrx_word' id='word_1_456' title='bbox 1811 745 1944 771; x_wconf 82' lang='lat' dir='ltr'>omuibus</span> <span class='ocrx_word' id='word_1_457' title='bbox 1959 749 1986 770; x_wconf 75' lang='lat' dir='ltr'>et</span> <span class='ocrx_word' id='word_1_458' title='bbox 2005 744 2148 778; x_wconf 81' lang='lat' dir='ltr'>pertinen-</span> 
     </span>
     <span class='ocr_line' id='line_1_59' title="bbox 1192 792 2150 831; baseline -0.006 -8"><span class='ocrx_word' id='word_1_459' title='bbox 1192 797 1245 824; x_wconf 88' lang='lat' dir='ltr'>ciis</span> <span class='ocrx_word' id='word_1_460' title='bbox 1270 796 1414 831; x_wconf 67' lang='lat' dir='ltr'>predicsss,</span> <span class='ocrx_word' id='word_1_461' title='bbox 1440 797 1567 830; x_wconf 78' lang='lat' dir='ltr'>prefatus</span> <span class='ocrx_word' id='word_1_462' title='bbox 1589 795 1722 820; x_wconf 69' lang='lat' dir='ltr'>dominus</span> <span class='ocrx_word' id='word_1_463' title='bbox 1742 794 1890 819; x_wconf 73' lang='lat' dir='ltr'>doliannes</span> <span class='ocrx_word' id='word_1_464' title='bbox 1914 793 1969 818; x_wconf 81' lang='lat' dir='ltr'>dux</span> <span class='ocrx_word' id='word_1_465' title='bbox 1991 792 2150 826; x_wconf 88' lang='lat' dir='ltr'>empcionis</span> 
     </span>
     <span class='ocr_line' id='line_1_60' title="bbox 1193 841 2146 878; baseline -0.006 -7"><span class='ocrx_word' id='word_1_466' title='bbox 1193 845 1273 872; x_wconf 81' lang='lat' dir='ltr'>titulo</span> <span class='ocrx_word' id='word_1_467' title='bbox 1291 853 1390 878; x_wconf 85' lang='lat' dir='ltr'>nuper,</span> <span class='ocrx_word' id='word_1_468' title='bbox 1410 848 1439 869; x_wconf 87' lang='lat' dir='ltr'>ut</span> <span class='ocrx_word' id='word_1_469' title='bbox 1454 844 1567 875; x_wconf 80' lang='lat' dir='ltr'>dicitur,</span> <span class='ocrx_word' id='word_1_470' title='bbox 1592 843 1742 876; x_wconf 74' lang='lat' dir='ltr'>acquisivit</span> <span class='ocrx_word' id='word_1_471' title='bbox 1764 852 1779 867; x_wconf 83' lang='lat' dir='ltr'>a</span> <span class='ocrx_word' id='word_1_472' title='bbox 1801 842 1884 867; x_wconf 86' lang='lat' dir='ltr'>nobili</span> <span class='ocrx_word' id='word_1_473' title='bbox 1901 846 1929 867; x_wconf 77' lang='lat' dir='ltr'>et</span> <span class='ocrx_word' id='word_1_474' title='bbox 1952 846 2064 875; x_wconf 85' lang='lat' dir='ltr'>potente</span> <span class='ocrx_word' id='word_1_475' title='bbox 2088 841 2146 866; x_wconf 87' lang='lat' dir='ltr'>viro</span> 
     </span>
     <span class='ocr_line' id='line_1_61' title="bbox 1193 888 2151 923; baseline -0.005 -4"><span class='ocrx_word' id='word_1_476' title='bbox 1193 893 1307 919; x_wconf 88' lang='lat' dir='ltr'>domino</span> <span class='ocrx_word' id='word_1_477' title='bbox 1330 892 1460 917; x_wconf 83' lang='lat' dir='ltr'>Jobanne</span> <span class='ocrx_word' id='word_1_478' title='bbox 1481 892 1515 917; x_wconf 80' lang='lat' dir='ltr'>de</span> <span class='ocrx_word' id='word_1_479' title='bbox 1538 891 1654 917; x_wconf 74' lang='lat' dir='ltr'>Bolnnisi</span> <span class='ocrx_word' id='word_1_480' title='bbox 1674 891 1777 916; x_wconf 76' lang='lat' dir='ltr'>comite</span> <span class='ocrx_word' id='word_1_481' title='bbox 1800 890 1943 918; x_wconf 66' lang='lat' dir='ltr'>Alverniv.</span> <span class='ocrx_word' id='word_1_482' title='bbox 1962 895 2038 915; x_wconf 87' lang='lat' dir='ltr'>certo</span> <span class='ocrx_word' id='word_1_483' title='bbox 2057 888 2151 923; x_wconf 82' lang='lat' dir='ltr'>precio</span> 
     </span>
     <span class='ocr_line' id='line_1_62' title="bbox 1194 940 2150 974; baseline -0.004 -7"><span class='ocrx_word' id='word_1_484' title='bbox 1194 942 1221 967; x_wconf 89' lang='lat' dir='ltr'>in</span> <span class='ocrx_word' id='word_1_485' title='bbox 1245 941 1437 967; x_wconf 83' lang='lat' dir='ltr'>instrumento</span> <span class='ocrx_word' id='word_1_486' title='bbox 1460 940 1534 966; x_wconf 88' lang='lat' dir='ltr'>dicte</span> <span class='ocrx_word' id='word_1_487' title='bbox 1550 940 1754 974; x_wconf 78' lang='lat' dir='ltr'>adquisiciouis</span> <span class='ocrx_word' id='word_1_488' title='bbox 1777 940 1939 973; x_wconf 71' lang='lat' dir='ltr'>specificato</span> <span class='ocrx_word' id='word_1_489' title='bbox 1959 943 1987 963; x_wconf 84' lang='lat' dir='ltr'>et</span> <span class='ocrx_word' id='word_1_490' title='bbox 2006 943 2150 964; x_wconf 86' lang='lat' dir='ltr'>contento.</span> 
     </span>
     <span class='ocr_line' id='line_1_63' title="bbox 1194 986 2152 1020; baseline -0.004 -5"><span class='ocrx_word' id='word_1_491' title='bbox 1194 990 1265 1016; x_wconf 83' lang='lat' dir='ltr'>Item</span> <span class='ocrx_word' id='word_1_492' title='bbox 1286 989 1437 1015; x_wconf 83' lang='lat' dir='ltr'>confessus</span> <span class='ocrx_word' id='word_1_493' title='bbox 1458 989 1510 1014; x_wconf 80' lang='lat' dir='ltr'>suit</span> <span class='ocrx_word' id='word_1_494' title='bbox 1532 993 1559 1013; x_wconf 87' lang='lat' dir='ltr'>et</span> <span class='ocrx_word' id='word_1_495' title='bbox 1575 989 1740 1020; x_wconf 68' lang='lat' dir='ltr'>recognovit</span> <span class='ocrx_word' id='word_1_496' title='bbox 1756 996 1786 1012; x_wconf 79' lang='lat' dir='ltr'>se</span> <span class='ocrx_word' id='word_1_497' title='bbox 1803 992 1898 1012; x_wconf 72' lang='lat' dir='ltr'>tenere</span> <span class='ocrx_word' id='word_1_498' title='bbox 1914 992 1942 1012; x_wconf 82' lang='lat' dir='ltr'>et</span> <span class='ocrx_word' id='word_1_499' title='bbox 1958 986 2103 1018; x_wconf 78' lang='lat' dir='ltr'>possidere</span> <span class='ocrx_word' id='word_1_500' title='bbox 2119 994 2152 1012; x_wconf 86' lang='lat' dir='ltr'>ac</span> 
     </span>
     <span class='ocr_line' id='line_1_64' title="bbox 1195 1036 2152 1071; baseline -0.005 -7"><span class='ocrx_word' id='word_1_501' title='bbox 1195 1044 1291 1064; x_wconf 83' lang='lat' dir='ltr'>tenere</span> <span class='ocrx_word' id='word_1_502' title='bbox 1307 1042 1334 1063; x_wconf 84' lang='lat' dir='ltr'>et</span> <span class='ocrx_word' id='word_1_503' title='bbox 1352 1037 1496 1071; x_wconf 84' lang='lat' dir='ltr'>possidere</span> <span class='ocrx_word' id='word_1_504' title='bbox 1510 1037 1580 1061; x_wconf 83' lang='lat' dir='ltr'>velle</span> <span class='ocrx_word' id='word_1_505' title='bbox 1592 1041 1618 1061; x_wconf 80' lang='lat' dir='ltr'>ct</span> <span class='ocrx_word' id='word_1_506' title='bbox 1629 1036 1741 1065; x_wconf 74' lang='lat' dir='ltr'>debere,</span> <span class='ocrx_word' id='word_1_507' title='bbox 1755 1044 1880 1068; x_wconf 74' lang='lat' dir='ltr'>suosque</span> <span class='ocrx_word' id='word_1_508' title='bbox 1892 1041 2089 1060; x_wconf 76' lang='lat' dir='ltr'>antecessores</span> <span class='ocrx_word' id='word_1_509' title='bbox 2101 1042 2152 1059; x_wconf 88' lang='lat' dir='ltr'>seu</span> 
     </span>
     <span class='ocr_line' id='line_1_65' title="bbox 1194 1083 2153 1120; baseline -0.005 -7"><span class='ocrx_word' id='word_1_510' title='bbox 1194 1088 1257 1113; x_wconf 77' lang='lat' dir='ltr'>illos</span> <span class='ocrx_word' id='word_1_511' title='bbox 1277 1096 1292 1112; x_wconf 90' lang='lat' dir='ltr'>a</span> <span class='ocrx_word' id='word_1_512' title='bbox 1312 1086 1418 1120; x_wconf 80' lang='lat' dir='ltr'>quibus</span> <span class='ocrx_word' id='word_1_513' title='bbox 1437 1094 1552 1112; x_wconf 79' lang='lat' dir='ltr'>causum</span> <span class='ocrx_word' id='word_1_514' title='bbox 1577 1085 1673 1110; x_wconf 80' lang='lat' dir='ltr'>babuit</span> <span class='ocrx_word' id='word_1_515' title='bbox 1694 1086 1821 1109; x_wconf 71' lang='lat' dir='ltr'>tenuisse</span> <span class='ocrx_word' id='word_1_516' title='bbox 1841 1093 1872 1109; x_wconf 70' lang='lat' dir='ltr'>at*</span> <span class='ocrx_word' id='word_1_517' title='bbox 1896 1090 1990 1109; x_wconf 79' lang='lat' dir='ltr'>tenere</span> <span class='ocrx_word' id='word_1_518' title='bbox 2015 1089 2042 1109; x_wconf 84' lang='lat' dir='ltr'>et</span> <span class='ocrx_word' id='word_1_519' title='bbox 2063 1083 2153 1117; x_wconf 86' lang='lat' dir='ltr'>possi-</span> 
     </span>
     <span class='ocr_line' id='line_1_66' title="bbox 1196 1133 2152 1167; baseline -0.005 -5"><span class='ocrx_word' id='word_1_520' title='bbox 1196 1138 1262 1162; x_wconf 82' lang='lat' dir='ltr'>dere</span> <span class='ocrx_word' id='word_1_521' title='bbox 1283 1136 1435 1166; x_wconf 75' lang='lat' dir='ltr'>debuisse,</span> <span class='ocrx_word' id='word_1_522' title='bbox 1461 1135 1487 1160; x_wconf 87' lang='lat' dir='ltr'>in</span> <span class='ocrx_word' id='word_1_523' title='bbox 1511 1135 1622 1160; x_wconf 73' lang='lat' dir='ltr'>feodum</span> <span class='ocrx_word' id='word_1_524' title='bbox 1649 1139 1677 1159; x_wconf 91' lang='lat' dir='ltr'>ut</span> <span class='ocrx_word' id='word_1_525' title='bbox 1701 1142 1786 1167; x_wconf 78' lang='lat' dir='ltr'>supra</span> <span class='ocrx_word' id='word_1_526' title='bbox 1812 1134 1949 1158; x_wconf 79' lang='lat' dir='ltr'>decimam</span> <span class='ocrx_word' id='word_1_527' title='bbox 1971 1140 2099 1158; x_wconf 84' lang='lat' dir='ltr'>vinorum</span> <span class='ocrx_word' id='word_1_528' title='bbox 2124 1133 2152 1158; x_wconf 84' lang='lat' dir='ltr'>in</span> 
     </span>
     <span class='ocr_line' id='line_1_67' title="bbox 1197 1180 2157 1212; baseline -0.006 0"><span class='ocrx_word' id='word_1_529' title='bbox 1197 1185 1338 1212; x_wconf 85' lang='lat' dir='ltr'>territorio</span> <span class='ocrx_word' id='word_1_530' title='bbox 1361 1193 1411 1209; x_wconf 82' lang='lat' dir='ltr'>seu</span> <span class='ocrx_word' id='word_1_531' title='bbox 1435 1184 1565 1210; x_wconf 72' lang='lat' dir='ltr'>districtu</span> <span class='ocrx_word' id='word_1_532' title='bbox 1584 1185 1635 1208; x_wconf 86' lang='lat' dir='ltr'>loci</span> <span class='ocrx_word' id='word_1_533' title='bbox 1652 1191 1700 1207; x_wconf 65' lang='lat' dir='ltr'>seu</span> <span class='ocrx_word' id='word_1_534' title='bbox 1719 1182 1802 1207; x_wconf 67' lang='lat' dir='ltr'>castri</span> <span class='ocrx_word' id='word_1_535' title='bbox 1819 1182 1853 1206; x_wconf 88' lang='lat' dir='ltr'>de</span> <span class='ocrx_word' id='word_1_536' title='bbox 1871 1181 2038 1206; x_wconf 80' lang='lat' dir='ltr'>Douzenuco</span> <span class='ocrx_word' id='word_1_537' title='bbox 2055 1180 2157 1206; x_wconf 84' lang='lat' dir='ltr'>Lemo-</span> 
     </span>
     <span class='ocr_line' id='line_1_68' title="bbox 1198 1229 2154 1261; baseline -0.006 -1"><span class='ocrx_word' id='word_1_538' title='bbox 1198 1235 1323 1260; x_wconf 82' lang='lat' dir='ltr'>vicensis</span> <span class='ocrx_word' id='word_1_539' title='bbox 1343 1233 1466 1258; x_wconf 80' lang='lat' dir='ltr'>diocesis</span> <span class='ocrx_word' id='word_1_540' title='bbox 1488 1231 1723 1261; x_wconf 58' lang='lat' dir='ltr'>excreoenttiurn)</span> <span class='ocrx_word' id='word_1_541' title='bbox 1747 1229 1891 1255; x_wconf 77' lang='lat' dir='ltr'>aunuatim</span> <span class='ocrx_word' id='word_1_542' title='bbox 1913 1230 1966 1254; x_wconf 88' lang='lat' dir='ltr'>sub</span> <span class='ocrx_word' id='word_1_543' title='bbox 1992 1236 2081 1253; x_wconf 66' lang='lat' dir='ltr'>censu</span> <span class='ocrx_word' id='word_1_544' title='bbox 2103 1236 2154 1254; x_wconf 86' lang='lat' dir='ltr'>seu</span> 
     </span>
     <span class='ocr_line' id='line_1_69' title="bbox 1198 1278 2156 1311; baseline -0.008 -2"><span class='ocrx_word' id='word_1_545' title='bbox 1198 1283 1319 1310; x_wconf 88' lang='lat' dir='ltr'>servicio</span> <span class='ocrx_word' id='word_1_546' title='bbox 1338 1282 1467 1308; x_wconf 84' lang='lat' dir='ltr'>undecim</span> <span class='ocrx_word' id='word_1_547' title='bbox 1491 1281 1647 1306; x_wconf 86' lang='lat' dir='ltr'>solidorum</span> <span class='ocrx_word' id='word_1_548' title='bbox 1673 1285 1869 1305; x_wconf 88' lang='lat' dir='ltr'>turonensium</span> <span class='ocrx_word' id='word_1_549' title='bbox 1893 1286 2041 1311; x_wconf 81' lang='lat' dir='ltr'>parvorum</span> <span class='ocrx_word' id='word_1_550' title='bbox 2060 1278 2085 1302; x_wconf 87' lang='lat' dir='ltr'>in</span> <span class='ocrx_word' id='word_1_551' title='bbox 2105 1286 2156 1302; x_wconf 87' lang='lat' dir='ltr'>co-</span> 
     </span>
     <span class='ocr_line' id='line_1_70' title="bbox 1199 1325 2158 1363; baseline -0.009 -5"><span class='ocrx_word' id='word_1_552' title='bbox 1199 1332 1350 1358; x_wconf 82' lang='lat' dir='ltr'>ronacione</span> <span class='ocrx_word' id='word_1_553' title='bbox 1363 1331 1573 1363; x_wconf 74' lang='lat' dir='ltr'>cujuscumque</span> <span class='ocrx_word' id='word_1_554' title='bbox 1596 1329 1717 1354; x_wconf 71' lang='lat' dir='ltr'>Romani</span> <span class='ocrx_word' id='word_1_555' title='bbox 1739 1327 1882 1361; x_wconf 73' lang='lat' dir='ltr'>pontifis-is</span> <span class='ocrx_word' id='word_1_556' title='bbox 1904 1327 2008 1360; x_wconf 68' lang='lat' dir='ltr'>prefato</span> <span class='ocrx_word' id='word_1_557' title='bbox 2031 1325 2158 1351; x_wconf 42' lang='lat' dir='ltr'>Romane</span> 
     </span>
     <span class='ocr_line' id='line_1_71' title="bbox 1199 1374 2157 1413; baseline -0.009 -7"><span class='ocrx_word' id='word_1_558' title='bbox 1199 1380 1319 1406; x_wconf 86' lang='lat' dir='ltr'>ecclesie</span> <span class='ocrx_word' id='word_1_559' title='bbox 1333 1383 1468 1413; x_wconf 84' lang='lat' dir='ltr'>perpetuo</span> <span class='ocrx_word' id='word_1_560' title='bbox 1485 1377 1698 1403; x_wconf 84' lang='lat' dir='ltr'>solvendorum.</span> <span class='ocrx_word' id='word_1_561' title='bbox 1715 1377 1792 1407; x_wconf 73' lang='lat' dir='ltr'>Quas</span> <span class='ocrx_word' id='word_1_562' title='bbox 1808 1375 1920 1408; x_wconf 76' lang='lat' dir='ltr'>quidem</span> <span class='ocrx_word' id='word_1_563' title='bbox 1938 1374 2062 1399; x_wconf 68' lang='lat' dir='ltr'>«lecimus</span> <span class='ocrx_word' id='word_1_564' title='bbox 2078 1375 2157 1399; x_wconf 77' lang='lat' dir='ltr'>riuo-</span> 
     </span>
     <span class='ocr_line' id='line_1_72' title="bbox 1200 1423 2158 1462; baseline -0.009 -7"><span class='ocrx_word' id='word_1_565' title='bbox 1200 1438 1261 1455; x_wconf 88' lang='lat' dir='ltr'>rum</span> <span class='ocrx_word' id='word_1_566' title='bbox 1278 1427 1444 1462; x_wconf 83' lang='lat' dir='ltr'>hujusmodi</span> <span class='ocrx_word' id='word_1_567' title='bbox 1462 1427 1586 1460; x_wconf 76' lang='lat' dir='ltr'>prefatus</span> <span class='ocrx_word' id='word_1_568' title='bbox 1605 1426 1739 1450; x_wconf 77' lang='lat' dir='ltr'>dominus</span> <span class='ocrx_word' id='word_1_569' title='bbox 1758 1424 1815 1449; x_wconf 74' lang='lat' dir='ltr'>dux</span> <span class='ocrx_word' id='word_1_570' title='bbox 1832 1424 1989 1457; x_wconf 78' lang='lat' dir='ltr'>empcionis</span> <span class='ocrx_word' id='word_1_571' title='bbox 2010 1423 2090 1448; x_wconf 82' lang='lat' dir='ltr'>titulo</span> <span class='ocrx_word' id='word_1_572' title='bbox 2108 1430 2158 1447; x_wconf 83' lang='lat' dir='ltr'>no-</span> 
     </span>
     <span class='ocr_line' id='line_1_73' title="bbox 1200 1472 2159 1510; baseline -0.008 -7"><span class='ocrx_word' id='word_1_573' title='bbox 1200 1477 1272 1503; x_wconf 87' lang='lat' dir='ltr'>viter</span> <span class='ocrx_word' id='word_1_574' title='bbox 1287 1476 1452 1510; x_wconf 74' lang='lat' dir='ltr'>acquisivit,</span> <span class='ocrx_word' id='word_1_575' title='bbox 1472 1480 1501 1501; x_wconf 87' lang='lat' dir='ltr'>ut</span> <span class='ocrx_word' id='word_1_576' title='bbox 1517 1475 1656 1503; x_wconf 84' lang='lat' dir='ltr'>asseruit,</span> <span class='ocrx_word' id='word_1_577' title='bbox 1676 1482 1729 1499; x_wconf 84' lang='lat' dir='ltr'>una</span> <span class='ocrx_word' id='word_1_578' title='bbox 1749 1481 1812 1498; x_wconf 80' lang='lat' dir='ltr'>cuni</span> <span class='ocrx_word' id='word_1_579' title='bbox 1830 1472 1905 1498; x_wconf 88' lang='lat' dir='ltr'>dicto</span> <span class='ocrx_word' id='word_1_580' title='bbox 1922 1472 1983 1496; x_wconf 85' lang='lat' dir='ltr'>loco</span> <span class='ocrx_word' id='word_1_581' title='bbox 1998 1479 2048 1496; x_wconf 77' lang='lat' dir='ltr'>seu</span> <span class='ocrx_word' id='word_1_582' title='bbox 2066 1475 2159 1496; x_wconf 87' lang='lat' dir='ltr'>castro</span> 
     </span>
     <span class='ocr_line' id='line_1_74' title="bbox 1199 1520 2159 1555; baseline -0.008 -3"><span class='ocrx_word' id='word_1_583' title='bbox 1199 1527 1233 1552; x_wconf 90' lang='lat' dir='ltr'>de</span> <span class='ocrx_word' id='word_1_584' title='bbox 1258 1525 1426 1551; x_wconf 84' lang='lat' dir='ltr'>Douzeuuco</span> <span class='ocrx_word' id='word_1_585' title='bbox 1445 1533 1459 1550; x_wconf 81' lang='lat' dir='ltr'>a</span> <span class='ocrx_word' id='word_1_586' title='bbox 1484 1523 1599 1549; x_wconf 82' lang='lat' dir='ltr'>domino</span> <span class='ocrx_word' id='word_1_587' title='bbox 1622 1523 1719 1548; x_wconf 85' lang='lat' dir='ltr'>ultimo</span> <span class='ocrx_word' id='word_1_588' title='bbox 1740 1523 1788 1555; x_wconf 81' lang='lat' dir='ltr'>qui</span> <span class='ocrx_word' id='word_1_589' title='bbox 1809 1525 1868 1547; x_wconf 82' lang='lat' dir='ltr'>erat</span> <span class='ocrx_word' id='word_1_590' title='bbox 1887 1525 1951 1546; x_wconf 71' lang='lat' dir='ltr'>uutt¹</span> <span class='ocrx_word' id='word_1_591' title='bbox 1969 1520 2060 1553; x_wconf 75' lang='lat' dir='ltr'>ipsum</span> <span class='ocrx_word' id='word_1_592' title='bbox 2078 1520 2159 1552; x_wconf 77' lang='lat' dir='ltr'>ejus-</span> 
     </span>
     <span class='ocr_line' id='line_1_75' title="bbox 1202 1568 2159 1602; baseline -0.009 -1"><span class='ocrx_word' id='word_1_593' title='bbox 1202 1576 1263 1602; x_wconf 86' lang='lat' dir='ltr'>dem</span> <span class='ocrx_word' id='word_1_594' title='bbox 1282 1575 1335 1600; x_wconf 89' lang='lat' dir='ltr'>loci</span> <span class='ocrx_word' id='word_1_595' title='bbox 1351 1582 1402 1599; x_wconf 89' lang='lat' dir='ltr'>seu</span> <span class='ocrx_word' id='word_1_596' title='bbox 1415 1573 1500 1599; x_wconf 85' lang='lat' dir='ltr'>castri</span> <span class='ocrx_word' id='word_1_597' title='bbox 1515 1573 1549 1598; x_wconf 90' lang='lat' dir='ltr'>de</span> <span class='ocrx_word' id='word_1_598' title='bbox 1563 1571 1742 1597; x_wconf 76' lang='lat' dir='ltr'>Donzenaco.</span> <span class='ocrx_word' id='word_1_599' title='bbox 1756 1569 1826 1595; x_wconf 79' lang='lat' dir='ltr'>item</span> <span class='ocrx_word' id='word_1_600' title='bbox 1839 1570 1991 1595; x_wconf 78' lang='lat' dir='ltr'>consessus</span> <span class='ocrx_word' id='word_1_601' title='bbox 2006 1568 2058 1594; x_wconf 81' lang='lat' dir='ltr'>suit</span> <span class='ocrx_word' id='word_1_602' title='bbox 2073 1573 2101 1593; x_wconf 86' lang='lat' dir='ltr'>et</span> <span class='ocrx_word' id='word_1_603' title='bbox 2116 1576 2159 1593; x_wconf 88' lang='lat' dir='ltr'>re-</span> 
     </span>
     <span class='ocr_line' id='line_1_76' title="bbox 1201 1618 2160 1658; baseline -0.009 -8"><span class='ocrx_word' id='word_1_604' title='bbox 1201 1623 1336 1658; x_wconf 84' lang='lat' dir='ltr'>cognovit</span> <span class='ocrx_word' id='word_1_605' title='bbox 1352 1626 1382 1648; x_wconf 86' lang='lat' dir='ltr'>ut</span> <span class='ocrx_word' id='word_1_606' title='bbox 1398 1630 1504 1655; x_wconf 81' lang='lat' dir='ltr'>suppra</span> <span class='ocrx_word' id='word_1_607' title='bbox 1521 1620 1596 1654; x_wconf 86' lang='lat' dir='ltr'>quod</span> <span class='ocrx_word' id='word_1_608' title='bbox 1614 1628 1663 1654; x_wconf 80' lang='lat' dir='ltr'>pro</span> <span class='ocrx_word' id='word_1_609' title='bbox 1681 1619 1766 1644; x_wconf 82' lang='lat' dir='ltr'>dictis</span> <span class='ocrx_word' id='word_1_610' title='bbox 1785 1619 1898 1643; x_wconf 85' lang='lat' dir='ltr'>duobus</span> <span class='ocrx_word' id='word_1_611' title='bbox 1919 1618 2010 1643; x_wconf 79' lang='lat' dir='ltr'>feodis</span> <span class='ocrx_word' id='word_1_612' title='bbox 2032 1625 2080 1650; x_wconf 86' lang='lat' dir='ltr'>per</span> <span class='ocrx_word' id='word_1_613' title='bbox 2095 1624 2160 1642; x_wconf 83' lang='lat' dir='ltr'>cum</span> 
     </span>
     <span class='ocr_line' id='line_1_77' title="bbox 1202 1664 2160 1706; baseline -0.011 -7"><span class='ocrx_word' id='word_1_614' title='bbox 1202 1672 1368 1706; x_wconf 76' lang='lat' dir='ltr'>recognitis,</span> <span class='ocrx_word' id='word_1_615' title='bbox 1386 1675 1415 1696; x_wconf 89' lang='lat' dir='ltr'>ut</span> <span class='ocrx_word' id='word_1_616' title='bbox 1433 1669 1583 1703; x_wconf 78' lang='lat' dir='ltr'>prefertur,</span> <span class='ocrx_word' id='word_1_617' title='bbox 1607 1673 1634 1693; x_wconf 87' lang='lat' dir='ltr'>ct</span> <span class='ocrx_word' id='word_1_618' title='bbox 1655 1675 1752 1693; x_wconf 90' lang='lat' dir='ltr'>eorum</span> <span class='ocrx_word' id='word_1_619' title='bbox 1777 1667 1902 1699; x_wconf 83' lang='lat' dir='ltr'>quolibet</span> <span class='ocrx_word' id='word_1_620' title='bbox 1927 1671 2038 1691; x_wconf 75' lang='lat' dir='ltr'>tenetur</span> <span class='ocrx_word' id='word_1_621' title='bbox 2055 1664 2160 1698; x_wconf 80' lang='lat' dir='ltr'>prefate</span> 
     </span>
     <span class='ocr_line' id='line_1_78' title="bbox 1203 1712 2160 1748; baseline -0.011 -1"><span class='ocrx_word' id='word_1_622' title='bbox 1203 1721 1331 1747; x_wconf 84' lang='lat' dir='ltr'>Romane</span> <span class='ocrx_word' id='word_1_623' title='bbox 1347 1719 1467 1745; x_wconf 79' lang='lat' dir='ltr'>ecclesie</span> <span class='ocrx_word' id='word_1_624' title='bbox 1483 1722 1511 1743; x_wconf 86' lang='lat' dir='ltr'>et</span> <span class='ocrx_word' id='word_1_625' title='bbox 1527 1716 1650 1742; x_wconf 85' lang='lat' dir='ltr'>dominis</span> <span class='ocrx_word' id='word_1_626' title='bbox 1668 1715 1806 1741; x_wconf 79' lang='lat' dir='ltr'>Romanis</span> <span class='ocrx_word' id='word_1_627' title='bbox 1823 1713 2004 1748; x_wconf 78' lang='lat' dir='ltr'>pontificibus</span> <span class='ocrx_word' id='word_1_628' title='bbox 2016 1712 2049 1738; x_wconf 78' lang='lat' dir='ltr'>:ul</span> <span class='ocrx_word' id='word_1_629' title='bbox 2065 1714 2160 1737; x_wconf 83' lang='lat' dir='ltr'>boma-</span> 
     </span>
     <span class='ocr_line' id='line_1_79' title="bbox 1202 1761 2162 1803; baseline -0.01 -9"><span class='ocrx_word' id='word_1_630' title='bbox 1202 1769 1279 1803; x_wconf 86' lang='lat' dir='ltr'>gium</span> <span class='ocrx_word' id='word_1_631' title='bbox 1303 1771 1331 1793; x_wconf 87' lang='lat' dir='ltr'>et</span> <span class='ocrx_word' id='word_1_632' title='bbox 1353 1765 1497 1792; x_wconf 84' lang='lat' dir='ltr'>fidelitatis</span> <span class='ocrx_word' id='word_1_633' title='bbox 1519 1765 1614 1790; x_wconf 84' lang='lat' dir='ltr'>debite</span> <span class='ocrx_word' id='word_1_634' title='bbox 1632 1765 1838 1797; x_wconf 81' lang='lat' dir='ltr'>juramentum.</span> <span class='ocrx_word' id='word_1_635' title='bbox 1860 1764 1920 1793; x_wconf 72' lang='lat' dir='ltr'>Que</span> <span class='ocrx_word' id='word_1_636' title='bbox 1941 1761 1964 1786; x_wconf 80' lang='lat' dir='ltr'>si</span> <span class='ocrx_word' id='word_1_637' title='bbox 1981 1761 2092 1794; x_wconf 64' lang='lat' dir='ltr'>qui-leni</span> <span class='ocrx_word' id='word_1_638' title='bbox 2111 1761 2162 1785; x_wconf 79' lang='lat' dir='ltr'>bo-</span> 
     </span>
     <span class='ocr_line' id='line_1_80' title="bbox 1203 1808 2163 1850; baseline -0.01 -7"><span class='ocrx_word' id='word_1_639' title='bbox 1203 1818 1328 1850; x_wconf 84' lang='lat' dir='ltr'>magium</span> <span class='ocrx_word' id='word_1_640' title='bbox 1356 1821 1383 1841; x_wconf 87' lang='lat' dir='ltr'>et</span> <span class='ocrx_word' id='word_1_641' title='bbox 1406 1815 1549 1840; x_wconf 81' lang='lat' dir='ltr'>fidelitatis</span> <span class='ocrx_word' id='word_1_642' title='bbox 1574 1813 1668 1838; x_wconf 72' lang='lat' dir='ltr'>debite</span> <span class='ocrx_word' id='word_1_643' title='bbox 1687 1813 1883 1845; x_wconf 69' lang='lat' dir='ltr'>juramentum</span> <span class='ocrx_word' id='word_1_644' title='bbox 1908 1810 2033 1844; x_wconf 69' lang='lat' dir='ltr'>profatus</span> <span class='ocrx_word' id='word_1_645' title='bbox 2053 1808 2163 1834; x_wconf 71' lang='lat' dir='ltr'>‹lolian-</span> 
     </span>
     <span class='ocr_line' id='line_1_81' title="bbox 1204 1857 2162 1897; baseline -0.011 -5"><span class='ocrx_word' id='word_1_646' title='bbox 1204 1874 1254 1892; x_wconf 88' lang='lat' dir='ltr'>nes</span> <span class='ocrx_word' id='word_1_647' title='bbox 1275 1865 1333 1890; x_wconf 87' lang='lat' dir='ltr'>dux</span> <span class='ocrx_word' id='word_1_648' title='bbox 1356 1865 1444 1897; x_wconf 79' lang='lat' dir='ltr'>gratis</span> <span class='ocrx_word' id='word_1_649' title='bbox 1467 1867 1494 1888; x_wconf 87' lang='lat' dir='ltr'>et</span> <span class='ocrx_word' id='word_1_650' title='bbox 1517 1866 1619 1896; x_wconf 81' lang='lat' dir='ltr'>sponte</span> <span class='ocrx_word' id='word_1_651' title='bbox 1636 1869 1667 1886; x_wconf 80' lang='lat' dir='ltr'>ac</span> <span class='ocrx_word' id='word_1_652' title='bbox 1688 1860 1843 1885; x_wconf 76' lang='lat' dir='ltr'>deliberato</span> <span class='ocrx_word' id='word_1_653' title='bbox 1858 1860 1962 1889; x_wconf 70' lang='lat' dir='ltr'>animo,</span> <span class='ocrx_word' id='word_1_654' title='bbox 1984 1863 2066 1891; x_wconf 86' lang='lat' dir='ltr'>prout</span> <span class='ocrx_word' id='word_1_655' title='bbox 2081 1857 2162 1889; x_wconf 76' lang='lat' dir='ltr'>dixit,</span> 
     </span>
     <span class='ocr_line' id='line_1_82' title="bbox 1204 1906 2163 1944; baseline -0.01 -4"><span class='ocrx_word' id='word_1_656' title='bbox 1204 1914 1317 1940; x_wconf 87' lang='lat' dir='ltr'>nomine</span> <span class='ocrx_word' id='word_1_657' title='bbox 1340 1921 1393 1939; x_wconf 85' lang='lat' dir='ltr'>suo</span> <span class='ocrx_word' id='word_1_658' title='bbox 1416 1918 1592 1944; x_wconf 77' lang='lat' dir='ltr'>suorumque</span> <span class='ocrx_word' id='word_1_659' title='bbox 1618 1910 1752 1935; x_wconf 72' lang='lat' dir='ltr'>heredum</span> <span class='ocrx_word' id='word_1_660' title='bbox 1773 1913 1800 1933; x_wconf 77' lang='lat' dir='ltr'>et</span> <span class='ocrx_word' id='word_1_661' title='bbox 1822 1916 2024 1933; x_wconf 59' lang='lat' dir='ltr'>successorum</span> <span class='ocrx_word' id='word_1_662' title='bbox 2050 1906 2163 1939; x_wconf 76' lang='lat' dir='ltr'>predic-</span> 
     </span>
     <span class='ocr_line' id='line_1_83' title="bbox 1204 1955 2163 1994; baseline -0.01 -5"><span class='ocrx_word' id='word_1_663' title='bbox 1204 1968 1308 1994; x_wconf 79' lang='lat' dir='ltr'>torum,</span> <span class='ocrx_word' id='word_1_664' title='bbox 1333 1962 1450 1987; x_wconf 83' lang='lat' dir='ltr'>remotis</span> <span class='ocrx_word' id='word_1_665' title='bbox 1473 1968 1593 1994; x_wconf 81' lang='lat' dir='ltr'>capucio</span> <span class='ocrx_word' id='word_1_666' title='bbox 1616 1965 1642 1984; x_wconf 83' lang='lat' dir='ltr'>et</span> <span class='ocrx_word' id='word_1_667' title='bbox 1661 1958 1803 1985; x_wconf 65' lang='lat' dir='ltr'>mantello,</span> <span class='ocrx_word' id='word_1_668' title='bbox 1821 1956 1943 1990; x_wconf 71' lang='lat' dir='ltr'>genibus</span> <span class='ocrx_word' id='word_1_669' title='bbox 1961 1955 2052 1984; x_wconf 64' lang='lat' dir='ltr'>tlt-xis,</span> <span class='ocrx_word' id='word_1_670' title='bbox 2069 1962 2163 1980; x_wconf 83' lang='lat' dir='ltr'>coram</span> 
     </span>
     <span class='ocr_line' id='line_1_84' title="bbox 1205 2002 2163 2046; baseline -0.011 -9"><span class='ocrx_word' id='word_1_671' title='bbox 1205 2011 1342 2046; x_wconf 87' lang='lat' dir='ltr'>prelibato</span> <span class='ocrx_word' id='word_1_672' title='bbox 1366 2010 1481 2035; x_wconf 90' lang='lat' dir='ltr'>domino</span> <span class='ocrx_word' id='word_1_673' title='bbox 1505 2013 1602 2034; x_wconf 88' lang='lat' dir='ltr'>nostro</span> <span class='ocrx_word' id='word_1_674' title='bbox 1625 2015 1695 2041; x_wconf 82' lang='lat' dir='ltr'>papa</span> <span class='ocrx_word' id='word_1_675' title='bbox 1719 2006 1864 2031; x_wconf 80' lang='lat' dir='ltr'>humiliter</span> <span class='ocrx_word' id='word_1_676' title='bbox 1887 2004 2051 2029; x_wconf 73' lang='lat' dir='ltr'>inclinatus.</span> <span class='ocrx_word' id='word_1_677' title='bbox 2075 2002 2163 2027; x_wconf 71' lang='lat' dir='ltr'>maui-</span> 
     </span>
     <span class='ocr_line' id='line_1_85' title="bbox 1205 2053 2166 2093; baseline -0.011 -7"><span class='ocrx_word' id='word_1_678' title='bbox 1205 2061 1316 2093; x_wconf 87' lang='lat' dir='ltr'>busque</span> <span class='ocrx_word' id='word_1_679' title='bbox 1336 2059 1398 2084; x_wconf 78' lang='lat' dir='ltr'>suls</span> <span class='ocrx_word' id='word_1_680' title='bbox 1415 2059 1488 2083; x_wconf 85' lang='lat' dir='ltr'>inter</span> <span class='ocrx_word' id='word_1_681' title='bbox 1509 2065 1611 2082; x_wconf 72' lang='lat' dir='ltr'>munus</span> <span class='ocrx_word' id='word_1_682' title='bbox 1632 2055 1760 2089; x_wconf 72' lang='lat' dir='ltr'>ejusdem</span> <span class='ocrx_word' id='word_1_683' title='bbox 1785 2053 1892 2078; x_wconf 89' lang='lat' dir='ltr'>domini</span> <span class='ocrx_word' id='word_1_684' title='bbox 1911 2057 1998 2078; x_wconf 65' lang='lat' dir='ltr'>iio-tri</span> <span class='ocrx_word' id='word_1_685' title='bbox 2012 2053 2122 2085; x_wconf 82' lang='lat' dir='ltr'>junctis</span> <span class='ocrx_word' id='word_1_686' title='bbox 2138 2055 2166 2075; x_wconf 89' lang='lat' dir='ltr'>ct</span> 
     </span>
     <span class='ocr_line' id='line_1_86' title="bbox 1206 2100 2165 2142; baseline -0.011 -8"><span class='ocrx_word' id='word_1_687' title='bbox 1206 2108 1371 2142; x_wconf 86' lang='lat' dir='ltr'>complosis,</span> <span class='ocrx_word' id='word_1_688' title='bbox 1399 2115 1449 2140; x_wconf 87' lang='lat' dir='ltr'>pro</span> <span class='ocrx_word' id='word_1_689' title='bbox 1475 2105 1623 2140; x_wconf 85' lang='lat' dir='ltr'>premissis</span> <span class='ocrx_word' id='word_1_690' title='bbox 1652 2103 1786 2129; x_wconf 88' lang='lat' dir='ltr'>omnibus</span> <span class='ocrx_word' id='word_1_691' title='bbox 1813 2101 1969 2134; x_wconf 75' lang='lat' dir='ltr'>recognitis</span> <span class='ocrx_word' id='word_1_692' title='bbox 2001 2100 2165 2131; x_wconf 77' lang='lat' dir='ltr'>homagium</span> 
     </span>
     <span class='ocr_line' id='line_1_87' title="bbox 1204 2147 2166 2190; baseline -0.011 -7"><span class='ocrx_word' id='word_1_693' title='bbox 1204 2158 1272 2183; x_wconf 80' lang='lat' dir='ltr'>fecit</span> <span class='ocrx_word' id='word_1_694' title='bbox 1287 2156 1342 2190; x_wconf 88' lang='lat' dir='ltr'>ipsi</span> <span class='ocrx_word' id='word_1_695' title='bbox 1353 2156 1467 2181; x_wconf 86' lang='lat' dir='ltr'>domino</span> <span class='ocrx_word' id='word_1_696' title='bbox 1486 2158 1582 2179; x_wconf 83' lang='lat' dir='ltr'>nostro</span> <span class='ocrx_word' id='word_1_697' title='bbox 1598 2152 1761 2177; x_wconf 78' lang='lat' dir='ltr'>nominibus</span> <span class='ocrx_word' id='word_1_698' title='bbox 1777 2150 1882 2184; x_wconf 86' lang='lat' dir='ltr'>quibus</span> <span class='ocrx_word' id='word_1_699' title='bbox 1896 2157 1983 2182; x_wconf 74' lang='lat' dir='ltr'>supra</span> <span class='ocrx_word' id='word_1_700' title='bbox 1998 2147 2166 2182; x_wconf 79' lang='lat' dir='ltr'>stippulnnti</span> 
     </span>
     <span class='ocr_line' id='line_1_88' title="bbox 1205 2196 2169 2240; baseline -0.012 -7"><span class='ocrx_word' id='word_1_701' title='bbox 1205 2211 1232 2232; x_wconf 87' lang='lat' dir='ltr'>et</span> <span class='ocrx_word' id='word_1_702' title='bbox 1255 2205 1418 2240; x_wconf 83' lang='lat' dir='ltr'>recipienti,</span> <span class='ocrx_word' id='word_1_703' title='bbox 1434 2212 1466 2229; x_wconf 89' lang='lat' dir='ltr'>ac</span> <span class='ocrx_word' id='word_1_704' title='bbox 1482 2202 1626 2236; x_wconf 85' lang='lat' dir='ltr'>corporale</span> <span class='ocrx_word' id='word_1_705' title='bbox 1642 2201 1674 2226; x_wconf 76' lang='lat' dir='ltr'>ud</span> <span class='ocrx_word' id='word_1_706' title='bbox 1692 2206 1790 2226; x_wconf 78' lang='lat' dir='ltr'>sancta</span> <span class='ocrx_word' id='word_1_707' title='bbox 1809 2199 1859 2225; x_wconf 71' lang='lat' dir='ltr'>Dei</span> <span class='ocrx_word' id='word_1_708' title='bbox 1875 2198 2020 2231; x_wconf 65' lang='lat' dir='ltr'>evangelia</span> <span class='ocrx_word' id='word_1_709' title='bbox 2038 2196 2169 2222; x_wconf 85' lang='lat' dir='ltr'>manibus</span> 
     </span>
     <span class='ocr_line' id='line_1_89' title="bbox 1205 2244 2169 2287; baseline -0.012 -6"><span class='ocrx_word' id='word_1_710' title='bbox 1205 2256 1269 2281; x_wconf 86' lang='lat' dir='ltr'>suis</span> <span class='ocrx_word' id='word_1_711' title='bbox 1293 2254 1428 2287; x_wconf 80' lang='lat' dir='ltr'>predictis</span> <span class='ocrx_word' id='word_1_712' title='bbox 1453 2250 1637 2285; x_wconf 86' lang='lat' dir='ltr'>corporaliter</span> <span class='ocrx_word' id='word_1_713' title='bbox 1660 2255 1733 2274; x_wconf 71' lang='lat' dir='ltr'>tacta</span> <span class='ocrx_word' id='word_1_714' title='bbox 1761 2248 1902 2273; x_wconf 81' lang='lat' dir='ltr'>fidelitatis</span> <span class='ocrx_word' id='word_1_715' title='bbox 1927 2246 2020 2271; x_wconf 70' lang='lat' dir='ltr'>debite</span> <span class='ocrx_word' id='word_1_716' title='bbox 2046 2244 2169 2278; x_wconf 74' lang='lat' dir='ltr'>prestitit</span> 
     </span>
     <span class='ocr_line' id='line_1_90' title="bbox 1203 2292 2168 2338; baseline -0.012 -9"><span class='ocrx_word' id='word_1_717' title='bbox 1203 2305 1415 2338; x_wconf 79' lang='lat' dir='ltr'>juramentum,</span> <span class='ocrx_word' id='word_1_718' title='bbox 1433 2300 1612 2332; x_wconf 83' lang='lat' dir='ltr'>eundemque</span> <span class='ocrx_word' id='word_1_719' title='bbox 1629 2298 1774 2323; x_wconf 87' lang='lat' dir='ltr'>dominum</span> <span class='ocrx_word' id='word_1_720' title='bbox 1794 2300 1922 2321; x_wconf 84' lang='lat' dir='ltr'>nostrum</span> <span class='ocrx_word' id='word_1_721' title='bbox 1947 2296 2036 2328; x_wconf 87' lang='lat' dir='ltr'>primo</span> <span class='ocrx_word' id='word_1_722' title='bbox 2054 2294 2081 2319; x_wconf 91' lang='lat' dir='ltr'>in</span> <span class='ocrx_word' id='word_1_723' title='bbox 2098 2292 2168 2326; x_wconf 79' lang='lat' dir='ltr'>pede</span> 
     </span>
     <span class='ocr_line' id='line_1_91' title="bbox 1206 2341 2168 2383; baseline -0.011 -6"><span class='ocrx_word' id='word_1_724' title='bbox 1206 2351 1309 2377; x_wconf 88' lang='lat' dir='ltr'>deinde</span> <span class='ocrx_word' id='word_1_725' title='bbox 1330 2350 1374 2383; x_wconf 79' lang='lat' dir='ltr'>[in]</span> <span class='ocrx_word' id='word_1_726' title='bbox 1391 2357 1475 2375; x_wconf 80' lang='lat' dir='ltr'>manu</span> <span class='ocrx_word' id='word_1_727' title='bbox 1489 2348 1591 2373; x_wconf 74' lang='lat' dir='ltr'>devote</span> <span class='ocrx_word' id='word_1_728' title='bbox 1606 2346 1774 2371; x_wconf 79' lang='lat' dir='ltr'>obsculatus</span> <span class='ocrx_word' id='word_1_729' title='bbox 1786 2343 1850 2370; x_wconf 85' lang='lat' dir='ltr'>fuit.</span> <span class='ocrx_word' id='word_1_730' title='bbox 1862 2342 1897 2368; x_wconf 87' lang='lat' dir='ltr'>Et</span> <span class='ocrx_word' id='word_1_731' title='bbox 1911 2341 2077 2368; x_wconf 78' lang='lat' dir='ltr'>successive</span> <span class='ocrx_word' id='word_1_732' title='bbox 2095 2341 2168 2366; x_wconf 87' lang='lat' dir='ltr'>idem</span> 
     </span>
     <span class='ocr_line' id='line_1_92' title="bbox 1206 2389 2169 2429; baseline -0.012 -3"><span class='ocrx_word' id='word_1_733' title='bbox 1206 2400 1341 2426; x_wconf 84' lang='lat' dir='ltr'>dominus</span> <span class='ocrx_word' id='word_1_734' title='bbox 1364 2402 1459 2423; x_wconf 86' lang='lat' dir='ltr'>noster</span> <span class='ocrx_word' id='word_1_735' title='bbox 1480 2396 1573 2429; x_wconf 83' lang='lat' dir='ltr'>ipsum</span> <span class='ocrx_word' id='word_1_736' title='bbox 1590 2395 1737 2420; x_wconf 84' lang='lat' dir='ltr'>dominum</span> <span class='ocrx_word' id='word_1_737' title='bbox 1753 2393 1855 2418; x_wconf 89' lang='lat' dir='ltr'>ducem</span> <span class='ocrx_word' id='word_1_738' title='bbox 1872 2391 1905 2416; x_wconf 81' lang='lat' dir='ltr'>ad</span> <span class='ocrx_word' id='word_1_739' title='bbox 1922 2391 2052 2416; x_wconf 84' lang='lat' dir='ltr'>osculum</span> <span class='ocrx_word' id='word_1_740' title='bbox 2069 2390 2126 2415; x_wconf 86' lang='lat' dir='ltr'>oris</span> <span class='ocrx_word' id='word_1_741' title='bbox 2142 2389 2169 2414; x_wconf 91' lang='lat' dir='ltr'>in</span> 
     </span>
     <span class='ocr_line' id='line_1_93' title="bbox 1207 2437 2171 2482; baseline -0.013 -8"><span class='ocrx_word' id='word_1_742' title='bbox 1207 2449 1322 2482; x_wconf 85' lang='lat' dir='ltr'>signum</span> <span class='ocrx_word' id='word_1_743' title='bbox 1346 2445 1550 2476; x_wconf 67' lang='lat' dir='ltr'>hobedieucie,</span> <span class='ocrx_word' id='word_1_744' title='bbox 1573 2441 1739 2468; x_wconf 75' lang='lat' dir='ltr'>devocionis</span> <span class='ocrx_word' id='word_1_745' title='bbox 1759 2445 1786 2466; x_wconf 86' lang='lat' dir='ltr'>et</span> <span class='ocrx_word' id='word_1_746' title='bbox 1801 2440 1944 2465; x_wconf 80' lang='lat' dir='ltr'>fidelitatis</span> <span class='ocrx_word' id='word_1_747' title='bbox 1960 2443 2096 2472; x_wconf 82' lang='lat' dir='ltr'>perpetue</span> <span class='ocrx_word' id='word_1_748' title='bbox 2122 2437 2171 2462; x_wconf 82' lang='lat' dir='ltr'>be-</span> 
     </span>
     <span class='ocr_line' id='line_1_94' title="bbox 1208 2486 2170 2531; baseline -0.014 -7"><span class='ocrx_word' id='word_1_749' title='bbox 1208 2499 1294 2531; x_wconf 78' lang='lat' dir='ltr'>nigne</span> <span class='ocrx_word' id='word_1_750' title='bbox 1317 2501 1344 2522; x_wconf 89' lang='lat' dir='ltr'>et</span> <span class='ocrx_word' id='word_1_751' title='bbox 1364 2496 1494 2529; x_wconf 69' lang='lat' dir='ltr'>graciose</span> <span class='ocrx_word' id='word_1_752' title='bbox 1512 2492 1629 2526; x_wconf 76' lang='lat' dir='ltr'>recepit.</span> <span class='ocrx_word' id='word_1_753' title='bbox 1653 2490 1844 2523; x_wconf 78' lang='lat' dir='ltr'>Promisitque</span> <span class='ocrx_word' id='word_1_754' title='bbox 1866 2490 1939 2514; x_wconf 87' lang='lat' dir='ltr'>idem</span> <span class='ocrx_word' id='word_1_755' title='bbox 1961 2487 2093 2513; x_wconf 86' lang='lat' dir='ltr'>domiuus</span> <span class='ocrx_word' id='word_1_756' title='bbox 2113 2486 2170 2512; x_wconf 87' lang='lat' dir='ltr'>dux</span> 
     </span>
     <span class='ocr_line' id='line_1_95' title="bbox 1208 2536 2171 2573; baseline -0.013 0"><span class='ocrx_word' id='word_1_757' title='bbox 1208 2547 1323 2573; x_wconf 87' lang='lat' dir='ltr'>nomine</span> <span class='ocrx_word' id='word_1_758' title='bbox 1346 2553 1399 2571; x_wconf 85' lang='lat' dir='ltr'>suo</span> <span class='ocrx_word' id='word_1_759' title='bbox 1424 2549 1452 2569; x_wconf 88' lang='lat' dir='ltr'>et</span> <span class='ocrx_word' id='word_1_760' title='bbox 1474 2550 1591 2568; x_wconf 87' lang='lat' dir='ltr'>suorum</span> <span class='ocrx_word' id='word_1_761' title='bbox 1618 2541 1752 2566; x_wconf 84' lang='lat' dir='ltr'>heredum</span> <span class='ocrx_word' id='word_1_762' title='bbox 1775 2544 1803 2564; x_wconf 85' lang='lat' dir='ltr'>et</span> <span class='ocrx_word' id='word_1_763' title='bbox 1827 2544 2031 2563; x_wconf 84' lang='lat' dir='ltr'>successorum</span> <span class='ocrx_word' id='word_1_764' title='bbox 2058 2536 2171 2569; x_wconf 87' lang='lat' dir='ltr'>predic-</span> 
     </span>
     <span class='ocr_line' id='line_1_96' title="bbox 1208 2583 2171 2624; baseline -0.015 -2"><span class='ocrx_word' id='word_1_765' title='bbox 1208 2599 1303 2622; x_wconf 89' lang='lat' dir='ltr'>torum</span> <span class='ocrx_word' id='word_1_766' title='bbox 1333 2594 1386 2620; x_wconf 89' lang='lat' dir='ltr'>sub</span> <span class='ocrx_word' id='word_1_767' title='bbox 1417 2593 1521 2618; x_wconf 77' lang='lat' dir='ltr'>virtute</span> <span class='ocrx_word' id='word_1_768' title='bbox 1552 2589 1672 2624; x_wconf 85' lang='lat' dir='ltr'>predicti</span> <span class='ocrx_word' id='word_1_769' title='bbox 1703 2596 1751 2622; x_wconf 91' lang='lat' dir='ltr'>per</span> <span class='ocrx_word' id='word_1_770' title='bbox 1781 2595 1847 2612; x_wconf 88' lang='lat' dir='ltr'>eum</span> <span class='ocrx_word' id='word_1_771' title='bbox 1874 2585 1986 2620; x_wconf 75' lang='lat' dir='ltr'>prestiti</span> <span class='ocrx_word' id='word_1_772' title='bbox 2015 2583 2171 2618; x_wconf 79' lang='lat' dir='ltr'>juramenti</span> 
     </span>
     <span class='ocr_line' id='line_1_97' title="bbox 1209 2633 2173 2678; baseline -0.012 -9"><span class='ocrx_word' id='word_1_773' title='bbox 1209 2644 1317 2678; x_wconf 76' lang='lat' dir='ltr'>prefato</span> <span class='ocrx_word' id='word_1_774' title='bbox 1339 2641 1454 2667; x_wconf 89' lang='lat' dir='ltr'>domiuo</span> <span class='ocrx_word' id='word_1_775' title='bbox 1483 2644 1581 2665; x_wconf 90' lang='lat' dir='ltr'>nostro</span> <span class='ocrx_word' id='word_1_776' title='bbox 1605 2637 1730 2672; x_wconf 86' lang='lat' dir='ltr'>presenti</span> <span class='ocrx_word' id='word_1_777' title='bbox 1752 2641 1779 2661; x_wconf 85' lang='lat' dir='ltr'>et</span> <span class='ocrx_word' id='word_1_778' title='bbox 1804 2641 1832 2661; x_wconf 88' lang='lat' dir='ltr'>ut</span> <span class='ocrx_word' id='word_1_779' title='bbox 1857 2643 1943 2668; x_wconf 86' lang='lat' dir='ltr'>supra</span> <span class='ocrx_word' id='word_1_780' title='bbox 1973 2633 2121 2668; x_wconf 85' lang='lat' dir='ltr'>stipulanti</span> <span class='ocrx_word' id='word_1_781' title='bbox 2146 2637 2173 2658; x_wconf 89' lang='lat' dir='ltr'>et</span> 
     </span>
     <span class='ocr_line' id='line_1_98' title="bbox 1210 2683 2171 2726; baseline -0.014 -7"><span class='ocrx_word' id='word_1_782' title='bbox 1210 2691 1378 2726; x_wconf 86' lang='lat' dir='ltr'>recipienti,</span> <span class='ocrx_word' id='word_1_783' title='bbox 1405 2697 1543 2724; x_wconf 78' lang='lat' dir='ltr'>personas</span> <span class='ocrx_word' id='word_1_784' title='bbox 1571 2687 1700 2721; x_wconf 82' lang='lat' dir='ltr'>ejusdem</span> <span class='ocrx_word' id='word_1_785' title='bbox 1737 2685 1844 2711; x_wconf 88' lang='lat' dir='ltr'>demini</span> <span class='ocrx_word' id='word_1_786' title='bbox 1872 2683 1961 2709; x_wconf 86' lang='lat' dir='ltr'>nostri</span> <span class='ocrx_word' id='word_1_787' title='bbox 1993 2686 2020 2708; x_wconf 86' lang='lat' dir='ltr'>et</span> <span class='ocrx_word' id='word_1_788' title='bbox 2053 2690 2171 2707; x_wconf 89' lang='lat' dir='ltr'>suorum</span> 
     </span>
     <span class='ocr_line' id='line_1_99' title="bbox 1210 2730 2171 2769; baseline -0.014 -1"><span class='ocrx_word' id='word_1_789' title='bbox 1210 2748 1415 2768; x_wconf 86' lang='lat' dir='ltr'>successorum</span> <span class='ocrx_word' id='word_1_790' title='bbox 1438 2738 1633 2764; x_wconf 75' lang='lat' dir='ltr'>Romanorum</span> <span class='ocrx_word' id='word_1_791' title='bbox 1658 2735 1823 2769; x_wconf 84' lang='lat' dir='ltr'>pontificum</span> <span class='ocrx_word' id='word_1_792' title='bbox 1849 2740 1985 2759; x_wconf 78' lang='lat' dir='ltr'>canonice</span> <span class='ocrx_word' id='word_1_793' title='bbox 2002 2730 2171 2756; x_wconf 87' lang='lat' dir='ltr'>intrancium</span> 
     </span>
     <span class='ocr_line' id='line_1_100' title="bbox 1209 2779 2171 2817; baseline -0.014 -1"><span class='ocrx_word' id='word_1_794' title='bbox 1209 2798 1323 2817; x_wconf 82' lang='lat' dir='ltr'>servare</span> <span class='ocrx_word' id='word_1_795' title='bbox 1340 2788 1520 2814; x_wconf 85' lang='lat' dir='ltr'>incholumes</span> <span class='ocrx_word' id='word_1_796' title='bbox 1535 2794 1568 2811; x_wconf 84' lang='lat' dir='ltr'>ac</span> <span class='ocrx_word' id='word_1_797' title='bbox 1584 2785 1656 2810; x_wconf 84' lang='lat' dir='ltr'>bona</span> <span class='ocrx_word' id='word_1_798' title='bbox 1670 2789 1697 2809; x_wconf 90' lang='lat' dir='ltr'>et</span> <span class='ocrx_word' id='word_1_799' title='bbox 1710 2785 1776 2817; x_wconf 80' lang='lat' dir='ltr'>jura</span> <span class='ocrx_word' id='word_1_800' title='bbox 1789 2788 1969 2816; x_wconf 82' lang='lat' dir='ltr'>quecumque</span> <span class='ocrx_word' id='word_1_801' title='bbox 1985 2780 2018 2805; x_wconf 86' lang='lat' dir='ltr'>ad</span> <span class='ocrx_word' id='word_1_802' title='bbox 2038 2779 2171 2814; x_wconf 78' lang='lat' dir='ltr'>prefatam</span> 
     </span>
     <span class='ocr_line' id='line_1_101' title="bbox 1209 2828 2173 2868; baseline -0.013 -3"><span class='ocrx_word' id='word_1_803' title='bbox 1209 2839 1368 2866; x_wconf 86' lang='lat' dir='ltr'>Romanam</span> <span class='ocrx_word' id='word_1_804' title='bbox 1393 2836 1542 2862; x_wconf 84' lang='lat' dir='ltr'>ecclesiam</span> <span class='ocrx_word' id='word_1_805' title='bbox 1570 2832 1784 2868; x_wconf 84' lang='lat' dir='ltr'>quomodolibet</span> <span class='ocrx_word' id='word_1_806' title='bbox 1814 2829 1984 2865; x_wconf 85' lang='lat' dir='ltr'>pertinentia</span> <span class='ocrx_word' id='word_1_807' title='bbox 2014 2828 2119 2854; x_wconf 78' lang='lat' dir='ltr'>illibata</span> <span class='ocrx_word' id='word_1_808' title='bbox 2146 2832 2173 2853; x_wconf 89' lang='lat' dir='ltr'>et</span> 
     </span>
    </p>
   </div>
   <div class='ocr_carea' id='block_1_4' title="bbox 88 2891 1095 3025">
    <p class='ocr_par' dir='ltr' id='par_1_5' title="bbox 88 2891 1095 3025">
     <span class='ocr_line' id='line_1_102' title="bbox 90 2891 1094 2927; baseline -0.003 -7"><span class='ocrx_word' id='word_1_809' title='bbox 90 2893 263 2927; x_wconf 81' lang='lat' dir='ltr'>l&#39;hommage</span> <span class='ocrx_word' id='word_1_810' title='bbox 286 2893 366 2927; x_wconf 76' lang='lat' dir='ltr'>prete</span> <span class='ocrx_word' id='word_1_811' title='bbox 387 2901 422 2918; x_wconf 90' lang='lat' dir='ltr'>au</span> <span class='ocrx_word' id='word_1_812' title='bbox 448 2901 521 2927; x_wconf 83' lang='lat' dir='ltr'>pape</span> <span class='ocrx_word' id='word_1_813' title='bbox 541 2891 669 2919; x_wconf 83' lang='lat' dir='ltr'>Clement</span> <span class='ocrx_word' id='word_1_814' title='bbox 691 2891 756 2925; x_wconf 92' lang='lat' dir='ltr'><strong>VII,</strong></span> <span class='ocrx_word' id='word_1_815' title='bbox 780 2892 804 2918; x_wconf 87' lang='lat' dir='ltr'>le</span> <span class='ocrx_word' id='word_1_816' title='bbox 826 2893 840 2918; x_wconf 84' lang='lat'>5</span> <span class='ocrx_word' id='word_1_817' title='bbox 857 2900 932 2918; x_wconf 87' lang='lat' dir='ltr'>mars</span> <span class='ocrx_word' id='word_1_818' title='bbox 952 2891 1027 2922; x_wconf 81' lang='lat'>1391,</span> <span class='ocrx_word' id='word_1_819' title='bbox 1044 2900 1094 2926; x_wconf 87' lang='lat' dir='ltr'>par</span> 
     </span>
     <span class='ocr_line' id='line_1_103' title="bbox 88 2940 1095 2976; baseline -0.003 -7"><span class='ocrx_word' id='word_1_820' title='bbox 88 2942 236 2975; x_wconf 19' lang='lat' dir='ltr'>Jeantduc</span> <span class='ocrx_word' id='word_1_821' title='bbox 258 2942 292 2972; x_wconf 80' lang='lat' dir='ltr'>de</span> <span class='ocrx_word' id='word_1_822' title='bbox 314 2941 416 2976; x_wconf 80' lang='lat' dir='ltr'>Berry,</span> <span class='ocrx_word' id='word_1_823' title='bbox 432 2950 503 2976; x_wconf 86' lang='lat' dir='ltr'>pour</span> <span class='ocrx_word' id='word_1_824' title='bbox 519 2942 562 2968; x_wconf 88' lang='lat' dir='ltr'>les</span> <span class='ocrx_word' id='word_1_825' title='bbox 579 2942 653 2967; x_wconf 90' lang='lat' dir='ltr'>deux</span> <span class='ocrx_word' id='word_1_826' title='bbox 669 2942 733 2968; x_wconf 74' lang='lat' dir='ltr'>fiefs</span> <span class='ocrx_word' id='word_1_827' title='bbox 749 2941 874 2968; x_wconf 85' lang='lat' dir='ltr'>d&#39;Usson</span> <span class='ocrx_word' id='word_1_828' title='bbox 891 2944 919 2967; x_wconf 92' lang='lat' dir='ltr'>et</span> <span class='ocrx_word' id='word_1_829' title='bbox 934 2941 968 2967; x_wconf 88' lang='lat' dir='ltr'>de</span> <span class='ocrx_word' id='word_1_830' title='bbox 984 2940 1095 2966; x_wconf 87' lang='lat' dir='ltr'>Donze-</span> 
     </span>
     <span class='ocr_line' id='line_1_104' title="bbox 90 2990 585 3025; baseline -0.004 -7"><span class='ocrx_word' id='word_1_831' title='bbox 90 2999 154 3018; x_wconf 85' lang='lat' dir='ltr'>nac.</span> <span class='ocrx_word' id='word_1_832' title='bbox 172 2991 214 3017; x_wconf 79' lang='lat' dir='ltr'>Cf.</span> <span class='ocrx_word' id='word_1_833' title='bbox 232 2995 250 3017; x_wconf 89' lang='lat' dir='ltr'>t.</span> <span class='ocrx_word' id='word_1_834' title='bbox 271 2990 291 3021; x_wconf 92' lang='grc'>1,</span> <span class='ocrx_word' id='word_1_835' title='bbox 307 2999 334 3025; x_wconf 83' lang='lat' dir='ltr'>p.</span> <span class='ocrx_word' id='word_1_836' title='bbox 350 2990 398 3016; x_wconf 69' lang='lat'>‘201</span> <span class='ocrx_word' id='word_1_837' title='bbox 417 2998 433 3016; x_wconf 88' lang='grc' dir='ltr'><em>α</em></span> <span class='ocrx_word' id='word_1_838' title='bbox 450 2995 477 3016; x_wconf 88' lang='lat' dir='ltr'>et</span> <span class='ocrx_word' id='word_1_839' title='bbox 492 2990 543 3016; x_wconf 77' lang='lat'>⁴203</span> <span class='ocrx_word' id='word_1_840' title='bbox 559 2998 585 3016; x_wconf 80' lang='lat' dir='ltr'>a.</span> 
     </span>
    </p>
   </div>
   <div class='ocr_carea' id='block_1_5' title="bbox 1208 2877 2175 3016">
    <p class='ocr_par' dir='ltr' id='par_1_6' title="bbox 1208 2877 2175 3016">
     <span class='ocr_line' id='line_1_105' title="bbox 1209 2877 2174 2918; baseline -0.015 -4"><span class='ocrx_word' id='word_1_841' title='bbox 1209 2889 1289 2915; x_wconf 83' lang='lat' dir='ltr'>illesa</span> <span class='ocrx_word' id='word_1_842' title='bbox 1310 2887 1429 2912; x_wconf 87' lang='lat' dir='ltr'>fideliter</span> <span class='ocrx_word' id='word_1_843' title='bbox 1449 2893 1501 2910; x_wconf 87' lang='lat' dir='ltr'>suo</span> <span class='ocrx_word' id='word_1_844' title='bbox 1525 2891 1610 2918; x_wconf 88' lang='lat' dir='ltr'>posse</span> <span class='ocrx_word' id='word_1_845' title='bbox 1637 2881 1792 2912; x_wconf 72' lang='lat' dir='ltr'>custodire,</span> <span class='ocrx_word' id='word_1_846' title='bbox 1820 2880 1920 2912; x_wconf 84' lang='lat' dir='ltr'>eisque</span> <span class='ocrx_word' id='word_1_847' title='bbox 1944 2886 2009 2903; x_wconf 87' lang='lat' dir='ltr'>esse</span> <span class='ocrx_word' id='word_1_848' title='bbox 2033 2877 2124 2902; x_wconf 88' lang='lat' dir='ltr'>bonus</span> <span class='ocrx_word' id='word_1_849' title='bbox 2146 2881 2174 2902; x_wconf 81' lang='lat' dir='ltr'>et</span> 
     </span>
     <span class='ocr_line' id='line_1_106' title="bbox 1208 2925 2172 2963; baseline -0.015 0"><span class='ocrx_word' id='word_1_850' title='bbox 1208 2937 1300 2963; x_wconf 89' lang='lat' dir='ltr'>fidelis</span> <span class='ocrx_word' id='word_1_851' title='bbox 1328 2935 1485 2963; x_wconf 85' lang='lat' dir='ltr'>vassallus,</span> <span class='ocrx_word' id='word_1_852' title='bbox 1514 2940 1624 2958; x_wconf 81' lang='lat' dir='ltr'>necnon</span> <span class='ocrx_word' id='word_1_853' title='bbox 1647 2931 1742 2956; x_wconf 81' lang='lat' dir='ltr'>onmia</span> <span class='ocrx_word' id='word_1_854' title='bbox 1771 2929 1823 2954; x_wconf 81' lang='lat' dir='ltr'>aliu</span> <span class='ocrx_word' id='word_1_855' title='bbox 1852 2927 1984 2953; x_wconf 78' lang='lat' dir='ltr'>universa</span> <span class='ocrx_word' id='word_1_856' title='bbox 2007 2930 2034 2950; x_wconf 83' lang='lat' dir='ltr'>et</span> <span class='ocrx_word' id='word_1_857' title='bbox 2059 2925 2172 2957; x_wconf 82' lang='lat' dir='ltr'>singula</span> 
     </span>
     <span class='ocr_line' id='line_1_107' title="bbox 1209 2974 2175 3016; baseline -0.014 -4"><span class='ocrx_word' id='word_1_858' title='bbox 1209 2985 1304 3012; x_wconf 81' lang='lat' dir='ltr'>facere</span> <span class='ocrx_word' id='word_1_859' title='bbox 1330 2987 1359 3009; x_wconf 79' lang='lat' dir='ltr'>et</span> <span class='ocrx_word' id='word_1_860' title='bbox 1381 2982 1535 3016; x_wconf 83' lang='lat' dir='ltr'>adimplere</span> <span class='ocrx_word' id='word_1_861' title='bbox 1559 2987 1615 3014; x_wconf 86' lang='lat' dir='ltr'>que</span> <span class='ocrx_word' id='word_1_862' title='bbox 1638 2979 1666 3005; x_wconf 90' lang='lat' dir='ltr'>in</span> <span class='ocrx_word' id='word_1_863' title='bbox 1690 2976 1858 3004; x_wconf 70' lang='lat' dir='ltr'>sacramenti</span> <span class='ocrx_word' id='word_1_864' title='bbox 1883 2975 2026 3001; x_wconf 82' lang='lat' dir='ltr'>fidelitatis</span> <span class='ocrx_word' id='word_1_865' title='bbox 2042 2974 2175 3007; x_wconf 78' lang='lat' dir='ltr'>capitulis</span> 
     </span>
    </p>
   </div>
   <div class='ocr_carea' id='block_1_6' title="bbox 232 3048 2036 3092">
    <p class='ocr_par' dir='ltr' id='par_1_7' title="bbox 232 3048 2036 3092">
     <span class='ocr_line' id='line_1_108' title="bbox 232 3048 2036 3092; baseline 0 -1"><span class='ocrx_word' id='word_1_866' title='bbox 232 3065 318 3092; x_wconf 71' lang='lat' dir='ltr'>Lissa</span> <span class='ocrx_word' id='word_1_867' title='bbox 336 3064 479 3092; x_wconf 62' lang='lat' dir='ltr'>Csxsqu.</span> <span class='ocrx_word' id='word_1_868' title='bbox 498 3078 534 3084; x_wconf 92' lang='lat'>—</span> <span class='ocrx_word' id='word_1_869' title='bbox 552 3064 590 3091; x_wconf 90' lang='lat' dir='ltr'>II.</span> <span class='ocrx_word' id='word_1_870' title='bbox 2021 3048 2036 3074; x_wconf 64' lang='lat'><strong>9</strong></span> 
     </span>
    </p>
   </div>
  </div>
 </body>
</html>
